1652 2651
95 76 143 112 42
380 86 410 111 ι’.
443 85 606 110 νιςῐιαιω
640 86 816 111 Msuzouis
847 86 1046 112 AEeriDos
1078 87 1151 112 mn.
1189 87 1209 112 i.

97 183 208 217 Unde
226 183 298 216 huc
317 181 475 225 advecti,
494 193 693 227 regemque
713 189 881 227 petamus
901 183 1104 217 Acestem.”

141 241 294 276 Talibus
318 241 478 275 Ilioneus
497 254 504 282 ;
531 241 652 275 cuncti
674 241 783 275 simul
800 252 862 274 ore
879 241 1085 276 fremebant

52 295 53 298 ¹
97 299 346 335 Dardanidae.

142 360 238 393 'sum
257 357 417 392 breviter
435 358 547 400 Dido,
565 359 707 392 voltum
725 357 902 400 demissa,
923 359 1087 402 profatur
1104 373 1110 393 :

97 417 400 453 “Solvitecorde
419 423 569 458 metum,
590 416 733 459 Teucri,
754 417 932 451 secludite
959 428 1074 451 curas.

97 477 171 511 Res
191 476 283 510 dura
300 482 333 509 et
353 475 455 518 regni
476 475 620 509 novitas
639 487 696 509 me
717 475 803 509 talia
822 483 958 519 cogunt

99 534 235 577 Moliri,
255 540 290 567 et
309 534 382 568 late
401 533 491 567 fines
510 534 663 567 custode
682 533 783 567 tueri.

98 591 190 637 Quis
208 603 325 636 genus
343 592 575 634 Aeneadum,
597 591 678 636 quis
697 592 831 636 Trojae
858 593 997 627 nesciat
1017 594 1172 629 urbem?

97 651 346 695 Virtutesque‚
364 649 545 694 virosque,
566 656 600 683 et
619 649 711 684 tanti
731 650 903 684 incendia
920 651 1033 686 belli?

99 711 185 744 Non
205 710 337 743 obtusa
355 709 450 742 adeo
467 715 658 752 gestamus
678 715 827 753 pectora
851 710 973 753 Poeni,

100 767 180 801 Nec
200 773 273 801 tam
294 778 444 800 aversus
463 777 578 811 equos
597 766 711 810 Tyria
731 767 792 800 Sol
806 766 928 811 jungit
946 768 992 801 ab
1012 769 1111 804 urbe.

99 826 171 860 Seu
192 836 257 859 vos
279 824 500 869 Hesperiam
518 836 694 869 magnam
716 826 960 871 Saturniaque
979 839 1066 860 arva

100 884 185 919 Sive
206 883 335 928 Erycis
354 883 447 917 fines
466 895 665 928 regemque
692 883 828 928 optatis
846 886 1033 927 Acestem,

99 942 246 977 Auxilio
264 948 362 976 tutos
381 942 580 984 dimittam,
602 942 807 988 opibusque
821 943 970 988 juvabo.
1035 950 1071 974 riv
1090 932 1095 937 ’

99 1001 218 1036 Voltis
236 1008 272 1035 et
290 1000 348 1034 his
366 1012 512 1034 mecum
532 1000 668 1045 pariter
687 1002 881 1035 considere
900 1002 1050 1046 regnis?

103 1059 245 1094 Urbem
263 1070 376 1104 quam
395 1065 516 1093 statuo
533 1066 658 1103 vestra
676 1066 732 1094 est
752 1072 758 1100 ;
786 1060 979 1094 subducite
996 1072 1110 1095 naves
1128 1074 1137 1104 ;

32 1128 40 1131 ·
63 1128 74 1132 ·
99 1118 194 1152 'fros
206 1117 420 1162 —Tyriusque
437 1117 528 1152 mihi
546 1118 647 1151 nullo
666 1118 878 1153 discrimine
895 1126 1033 1162 agetur.

101 1178 222 1221 Atque
240 1174 383 1210 utinam
400 1187 463 1209 rex
482 1176 561 1220 ipse
582 1177 683 1210 Noto
703 1178 915 1221 compulsus
934 1178 1066 1211 eodem

98 1235 241 1270 Afsoret
260 1235 409 1268 Aeneas
427 1247 435 1275 ;
463 1234 636 1279 equidem
655 1246 720 1278 per
738 1235 844 1269 litora
863 1242 982 1269 certos

101 1292 311 1336 Dimittam,
330 1299 366 1326 et
386 1292 524 1336 Libyae
542 1292 697 1326 lustrare
718 1300 881 1327 extiema
896 1294 1048 1354 jubebo),

103 1351 142 1387 Si
162 1351 295 1396 quibus
314 1350 454 1395 ejectus
473 1350 574 1384 silvis
591 1358 653 1384 aut
673 1351 825 1385 urbibus
844 1363 900 1385 eri
903 1359 950 1386 at
958 1352 976 1367 ''
1004 1358 1039 1385 Ψ

150 1411 221 1444 His
240 1409 407 1443 animum
425 1408 556 1443 arrecti
576 1409 685 1444 dictis
703 1417 737 1443 et
758 1409 861 1444 sortis
880 1411 1043 1445 Achates

103 1469 152 1504 Et
170 1475 275 1513 pater
293 1469 440 1502 Aeneas
454 1467 676 1511 jamdudum
695 1479 887 1512 erumpere
906 1469 1042 1503 nubem

101 1527 296 1562 Ardebant
313 1539 321 1568 ;
349 1525 448 1571 prior
468 1532 619 1560 Aenean
640 1527 838 1571 compellat
858 1528 1045 1562 Achates:

43 1586 241 1640 «0,ng
260 1587 294 1620 D
347 1613 354 1628 ,
375 1597 470 1630 quae
489 1597 587 1619 nunc
606 1585 731 1618 animo
751 1586 933 1620 sententia
953 1586 1096 1631 surgit?

0 1641 244 1684 fi-ROmnia
261 1651 340 1679 tuta
357 1644 474 1686 vides,
495 1645 665 1686 classem,
686 1643 879 1689 sociosque
905 1652 1082 1690 receptos.

0 1684 216 1739 ffl‘b'nus
235 1703 354 1746 abest,
375 1702 499 1736 medio
524 1702 561 1736 in
580 1702 692 1736 fluctu
711 1714 822 1748 quem
840 1703 999 1737 vidimus
1019 1703 1087 1748 ipsi

108 1763 350 1798 Submersum
371 1774 377 1796 :
404 1760 513 1795 dictis
532 1761 757 1806 respondent
777 1768 898 1795 cetera
916 1762 1075 1796 matris.''

105 1822 178 1856 Vix
195 1832 239 1855 ea
257 1821 353 1854 fatus
372 1826 460 1862 erat,
480 1831 595 1864 quum
613 1819 834 1853 circumfusa
852 1827 1003 1864 repente

111 1879 255 1915 Scindit
274 1890 313 1913 se
331 1879 449 1912 nubes
468 1885 504 1912 et
523 1877 558 1912 in
574 1878 726 1912 aethera
744 1885 876 1923 purgat
895 1885 1073 1922 apertum.

41 1937 244 2030 Restit
249 1938 406 2005 Aenea
457 1948 477 1971 c
493 1948 534 1970 ar
586 1948 630 1970 ue
649 1936 685 1970 in
705 1937 786 1970 luce
804 1937 954 1980 refulsit,

149 1937 537 2043 sumerosffllyo
556 1994 686 2028 similis
707 2008 713 2029 :
740 2006 902 2040 namque
921 1995 1002 2040 ipsa
1019 1995 1192 2030 decoram

2 2075 32 2108 ς-
41 1959 325 2103 &Caesariem
344 2060 432 2087 nato
449 2053 606 2097 genitrix
624 2054 822 2098 lumenque
836 2053 1011 2097 juventae

117 2115 345 2158 Purpureum
364 2119 399 2145 et
418 2112 534 2146 laetos
553 2111 668 2145 oculis
687 2111 830 2146 afflarat
848 2112 1008 2146 honores
1027 2124 1033 2145 :

117 2172 236 2216 Quale
254 2182 385 2204 manus
403 2171 545 2204 addunt
563 2170 664 2204 ebori
683 2170 796 2204 decus
815 2176 877 2204 aut
895 2171 956 2204 ubi
976 2170 1072 2204 flavo

116 2232 320 2274 Argentum
342 2228 516 2263 Pariusve
534 2228 628 2273 lapis
646 2228 895 2263 circumdatur
912 2239 1009 2262 auro.

165 2289 262 2324 Tum
280 2287 333 2321 sic
354 2286 519 2331 reginam
537 2286 735 2331 alloquitur
760 2286 975 2331 cunctisque
994 2293 1146 2331 repente

1437 596 1499 641 565

1439 896 1506 932 570

1441 1187 1506 1224 575

1444 1470 1512 1515 580

1446 1764 1512 1808 585
1530 1783 1552 1820 ,ἃ

1449 2063 1518 2100 590
