1652 2651
6 87 29 141 Ἴ
372 105 404 130 P.
435 103 599 129 vanem
630 102 808 128 MARoxis
837 101 1038 127 AENmnos
1069 102 1143 126 LIB.
1180 101 1201 127 1.

93 200 320 268 Improvisus
337 201 410 236 ait:
441 200 464 217 “
481 200 626 242 Coram,
646 211 754 244 quem
783 197 968 244 quaeritis,
988 198 1121 232 adsum

88 261 122 295 T
137 241 222 294 oius
239 260 400 301 Aeneas,
421 258 567 302 Libycis
586 265 733 302 ereptus
751 258 798 292 ab
818 257 937 291 undis.

141 317 222 353 sola
239 317 410 352 infandos
429 316 564 360 Trojae
583 315 758 350 miserata
776 315 949 348 labores!

127 388 196 411 uae
212 387 281 411 nos
299 374 473 420 reliquias
494 378 674 416 Manaum,
693 381 886 418 terraeque
906 373 1092 417 marisque

90 434 274 471 Omnibus
291 433 490 468 exhaustos
504 432 582 477 jam
601 432 759 474 casibus,
780 431 946 465 omnium
965 441 1103 475 egenos

91 494 195 529 Urbe
212 493 324 527 domo
342 491 474 525 socias.
528 491 661 525 Grates
680 491 889 535 persolvere
907 489 1040 533 dignas

91 553 180 587 Non
197 550 278 597 opis
297 556 352 584 est
370 555 532 591 nostrae,
554 548 655 582 Dido
673 562 680 589 ;
706 559 774 582 nec
792 547 967 593 quicquid
987 547 1122 592 ubique
1140 554 1195 581 est

90 609 223 645 Gentis
246 607 466 650 Dardaniae,
486 618 660 650 magnum
681 618 776 651 quae
794 618 924 651 sparsa
942 618 1006 651 per
1023 607 1152 640 orbem
1168 618 1177 647 ;
1206 614 1221 629 -1'

91 666 142 703 Di
160 666 237 711 tibi,
255 666 285 702 si
303 677 378 712 qua
395 665 475 710 pios
494 672 704 709 respectant
723 664 885 707 numina,
905 664 935 698 si
955 663 1044 709 quid

92 727 264 772 Usquam
277 723 443 771 justitiae
461 731 517 758 est
535 730 570 758 et
589 735 693 758 mens
713 723 782 757 sibi
801 723 952 757 conscia
971 723 1072 766 recti,

92 783 262 820 Praemia
279 783 394 827 digna
408 782 538 816 serant.
591 782 697 824 Quae
716 790 751 815 te
769 788 846 815 tam
866 782 962 815 laeta
981 782 1140 815 tulerunt

92 842 275 878 Saecula?
299 840 361 886 qui
379 840 471 875 tanti
490 841 601 874 talem
619 851 780 884 genuere
800 840 997 884 parentes?

94 902 138 936 In
155 902 249 936 freta
265 901 350 934 dum
369 898 469 934 fluvii
488 906 645 942 current,
664 899 752 932 dum
772 898 959 932 montibus
978 899 1130 933 umbrae

93 960 318 996 Lustrabunt
336 969 513 1000 convexa,
535 958 640 1002 polus
659 957 747 992 dum
766 957 889 992 sidera
906 964 1045 1002 pascet,

93 1019 249 1064 Semper
266 1018 384 1051 honos
403 1027 613 1061 nomenque
630 1023 733 1050 tuum
753 1016 954 1061 laudesque
972 1016 1188 1059 manebunt,

93 1077 199 1120 Quae
216 1087 274 1110 me
292 1086 450 1120 cumque
469 1081 602 1108 vocant
620 1081 748 1108 terrae.
802 1073 863 1108 Sic
881 1074 978 1108 fatus
1004 1074 1166 1108 amicum

95 1134 236 1170 Ilionea
253 1133 344 1180 petit
362 1134 491 1167 dextra
505 1133 684 1177 laevaque
705 1133 893 1167 Serestum
913 1145 919 1166 z

93 1195 181 1229 Post
198 1193 301 1235 alios,
319 1192 525 1236 fortemque
546 1191 653 1235 Gyan
671 1191 876 1236 fortemque
898 1191 1131 1225 Cloanthum.

139 1250 328 1296 Obstipuit
348 1250 466 1295 primo
484 1256 635 1294 aspectu
658 1249 811 1283 Sidonia
831 1248 942 1291 Dido,

94 1311 192 1345 Casu
210 1309 346 1344 dffl'nde
363 1308 429 1342 viri
447 1302 578 1350 tanf0³3
605 1315 641 1342 et
661 1319 712 1341 Sic
731 1319 794 1342 ore
820 1308 973 1352 loquuta
990 1314 1046 1342 est
1065 1319 1072 1341 ε

46 1394 52 1395 ff
94 1368 222 1414 “Quis
241 1375 286 1409 te,
303 1374 390 1401 nate
411 1367 506 1407 Dea,
522 1377 588 1411 per
605 1372 708 1400 tanta
726 1366 888 1410 pericula
906 1377 1014 1400 casus

95 1423 330 1472 Insequitur?
355 1436 450 1470 quae
467 1425 522 1458 vis
541 1424 764 1458 immanibus
790 1424 952 1468 adplicat
971 1423 1044 1458 oris
1058 1424 1096 1458 ?''

93 1486 199 1520 Tune
216 1484 277 1519 ille
297 1485 456 1525 Aeneas,
476 1494 587 1528 quem
609 1482 799 1516 Dardanio
816 1482 1002 1516 Anchisae

92 1544 204 1578 Alma
224 1543 352 1577 Venus
373 1541 520 1586 Phrygii
539 1542 666 1585 genuit
687 1540 886 1575 Simoentis
906 1541 953 1574 ad
972 1541 1139 1575 undam?

95 1601 253 1646 “Atque
271 1600 443 1646 equidem
463 1601 647 1633 Teucrum
665 1599 816 1634 memini
838 1599 977 1633 Sidona
993 1599 1129 1643 venire,

96 1659 250 1695 Finibus
266 1659 460 1704 expulsum
479 1658 617 1703 patriis,
636 1668 733 1691 nova
751 1669 865 1701 regna
882 1665 1070 1702 petentem

92 1717 241 1754 Auxilio
259 1717 348 1752 Beli.
403 1717 559 1751 Genitor
577 1723 654 1750 tum
674 1716 786 1750 Belus
806 1716 970 1760 opimam

92 1776 278 1812 vastabat
297 1775 459 1820 Cyprum
477 1781 513 1808 et
530 1773 648 1808 victor
665 1774 811 1808 dicione
830 1774 989 1808 tenebat.

94 1833 308 1879 Tempore
293 1844 374 1878 Jam
392 1844 435 1866 ex
453 1832 515 1866 illo
534 1843 641 1866 casus
660 1831 749 1865 mihi
770 1832 939 1876 cognitus
958 1828 1058 1866 urbis
1090 1826 1099 1835 ²

9 1863 148 1943 ὯζΤι·
94 1891 245 1938 Trojan
237 1902 280 1925 ιε
297 1901 507 1935 nomenque
525 1897 628 1924 tuum
646 1901 824 1935 regesque
847 1890 1000 1935 Pelasgi.

97 1951 188 1998 Ipse'
201 1949 318 1985 hostis
335 1948 527 1984 Teucros
519 1948 653 1993 insigni
671 1949 780 1983 laude
797 1949 951 1993 ferebat,

97 2010 219 2075 Seque
236 2014 358 2044 ortum
375 2007 528 2052 antiqua
546 2008 773 2042 Teucrorum
792 2019 815 2041 a
833 2008 945 2052 stirpe
964 2009 1121 2043 volebat,

91 2051 224 2118 Quale
238 2065 350 2112 agite,
368 2077 390 2100 o
407 2065 525 2108 tectiS,
541 2066 710 2110 juvenes,
732 2066 918 2101 succedite
937 2066 1080 2100 nostris.

98 2125 166 2167 Me
177 2134 329 2180 quoque
347 2135 412 2170 per
430 2124 564 2158 multos
583 2123 714 2158 similis
733 2125 879 2158 fortuna
897 2125 1041 2159 labores

96 2170 283 2235 Imm-Hm
300 2183 373 2217 hac
390 2182 540 2216 demum
559 2182 673 2216 voluit
691 2183 893 2217 consistere
912 2190 1016 2217 tetra.

90 2239 216 2290 HQ'
205 2251 337 2287 ignara
353 2239 453 2280 mali,
472 2239 615 2274 miseris
635 2252 845 2274 succurrere
865 2241 999 2275 disco.''

78 2301 81 2303 ’
139 2293 208 2350 ᾖξε
225 2305 418 2344 memorat,
438 2298 547 2333 simul
565 2298 746 2332 Aenean
739 2310 775 2332 in
794 2299 894 2344 regia
914 2300 1012 2334 <lucit

472 2453 488 2460 -

0 2481 151 2551 ’ί

0 2552 225 2651 &ab

1222 600 1239 613 s

1440 90 1489 126 43

1426 205 1490 240 595

1427 782 1473 815 60
1478 790 1494 824 5

1429 1075 1499 1109 610

1429 1367 1496 1411 615

1431 1659 1499 1694 620

1432 1956 1498 1997 625

1436 2248 1506 2293 630
