1652 2651
413 108 445 138 P.
478 110 642 138 VERGILI
673 107 856 153 MARONIS
885 106 1086 133 AENEIDOS
1117 105 1194 131 LIB.
1228 101 1252 131 Ῐ.

73 239 76 242 ⁴
133 210 299 251 Vestras,
322 209 430 251 Eure,
450 208 583 241 domos
603 219 610 247 3
637 205 697 239 illa
716 216 755 239 se
773 204 888 249 jactet
908 204 943 238 in
962 203 1046 237 aula

108 298 111 299 γ
135 267 286 310 Aeolus,
305 272 340 301 et
359 267 485 300 clauso
501 270 694 299 ventorum
712 274 859 297 carcere
878 262 1037 306 regnet.”

186 324 248 360 Sic
265 324 330 368 ait,
351 331 385 359 et
404 323 503 358 dicto
522 323 629 358 citius
647 321 792 356 tumida
808 331 970 365 aequora
988 320 1120 364 placat,

95 388 98 390 ’
140 383 398 427 Collectasque
416 382 518 426 fugat
536 381 667 423 nubes,
687 380 877 424 solemque
896 378 1045 412 reducit.

142 442 348 486 Cymothoe
366 440 473 475 simul
492 446 528 474 et
547 438 676 473 Triton
694 437 851 472 adnixus
869 443 978 472 acuto

146 499 352 534 l)etrudunt
370 509 484 533 naves
503 498 655 542 scopulo
674 508 681 530 ε
710 497 807 530 levat
826 495 905 540 ipse
925 494 1073 529 tridenti
1089 507 1098 536 3

142 559 191 592 Et
207 564 332 592 vastas
351 557 469 602 aperit
489 557 614 600 Syrtes
633 561 668 589 et
686 561 868 598 temperat
887 565 1040 598 aequor,

141 606 263 661 Atque
281 615 370 650 rotis
389 625 554 649 summas
574 613 715 647 levibus
734 612 935 657 perlabitur
952 612 1082 645 undas.
1115 630 1118 632 v

141 675 197 708 Ac
214 673 325 708 veluti
343 684 482 718 magno
501 672 536 706 in
556 672 692 717 populo
710 682 823 716 quum
842 681 954 714 saepe
974 676 1100 703 coorta
1117 675 1174 704 est

99 772 103 785 s
144 731 295 775 Seditio,
315 731 505 776 saevitque
523 730 656 765 animis
674 728 836 773 ignobile
854 728 984 772 volgus
1002 740 1010 769 ;

96 789 100 803 ³
142 791 299 835 Jamque
316 790 416 838 fa—ces
435 795 471 824 et
486 799 574 823 saxa
592 788 717 822 volant
736 787 850 836 (fu-r-or
867 797 970 820 arma
988 784 1186 829 ministrat)
1204 796 1214 821 ε

143 849 241 882 Tum
258 848 433 893 pietatet,
413 858 563 881 oravem
581 857 625 880 ac
643 845 783 880 melitis
802 844 831 879 si
849 845 942 879 forte
960 844 1078 878 virum
1096 855 1207 897 quem

115 906 390 952 χΕοῃ5ΡεΧθιἙ,
410 905 531 958 si-lgnt,
552 904 777 949 arrectisque
795 902 944 937 auribus
963 903 1137 944 adstant;

148 965 214 999 Ille
232 964 325 1009 regit
343 964 450 998 dictis
470 963 628 1005 animos,
646 970 680 996 et
701 955 1028 1009 pectlecet:
1057 972 1097 993 e>-
1094 981 1115 1007 -Ι
1128 947 1376 990 flngst-Jfl
1388 956 1424 981 ⁷¹

148 1022 207 1057 Sic
226 1029 379 1057 cunctus
398 1022 519 1067 pelagi
539 1020 671 1055 cecidit
691 1021 822 1073 fragor,
842 1031 1004 1064 aequora
1022 1025 1219 1064 postquam
1278 1050 1280 1052 ,

150 1080 383 1126 prospiciens
401 1080 556 1125 genitor,
576 1079 751 1121 caeloque
770 1078 936 1112 invectus
954 1084 1082 1122 aperto

146 1139 280 1175 Flectit
299 1150 413 1184 equos
432 1149 612 1187 curruque
626 1138 755 1171 volans
774 1137 838 1170 dat
856 1137 934 1170 lora
952 1135 1126 1170 secundo.
1185 1180 1189 1184 ·

198 1197 343 1232 Defessi
363 1197 577 1239 Aeneadae,
598 1206 693 1240 quae
713 1194 880 1239 proxima
899 1194 1018 1237 litora,
1039 1205 1147 1228 cursu

151 1256 387 1291 Contendunt
408 1262 543 1300 petere,
562 1261 597 1289 et
618 1254 755 1297 Libyae
774 1259 964 1287 vertuntur
982 1253 1029 1287 ad
1048 1264 1166 1310 oras),

197 1315 267 1350 Est
284 1314 321 1349 in
340 1325 486 1348 secessu
506 1314 617 1357 longo
637 1313 738 1346 locus
756 1324 762 1346 z
790 1311 910 1345 insula
928 1318 1074 1356 portum

152 1373 276 1408 Efficit
293 1373 440 1418 objectu
457 1372 625 1414 laterum,
645 1370 778 1421 quibus
797 1369 917 1404 omnis
936 1370 984 1404 ab
1002 1370 1077 1404 alto

159 1432 350 1476 Frangitur
367 1431 477 1475 inque
495 1430 597 1464 sinus
617 1429 751 1463 scindit
772 1440 854 1463 sese
878 1429 978 1462 unda
996 1429 1180 1463 reductos.

155 1490 256 1530 Hinc
273 1496 384 1535 atque
401 1486 488 1523 hinc'
505 1494 634 1522 vastae
652 1498 761 1531 rupes
780 1486 992 1531 geminique
1010 1487 1198 1522 minantur

157 1549 200 1583 In
217 1549 362 1583 caelum
381 1547 539 1596 scopuli,
552 1557 708 1591 quorum
728 1546 795 1580 sub
814 1545 950 1579 vertice
969 1546 1043 1580 late

155 1607 329 1668 Aequora
346 1612 426 1643 tuta
443 1599 574 1639 silent:
602 1610 681 1639 tum
699 1603 799 1637 silvis
819 1615 956 1637 scaena
973 1603 1136 1638 coruscis

159 1648 331 1710 Desuper
340 1650 586 1708 horrentique
604 1669 725 1697 atrum
741 1666 874 1696 nemus
893 1661 1061 1697 imminet
1079 1663 1234 1707 umbra;

139 1724 297 1784 Fronte
311 1723 387 1789 sub
401 1722 559 1770 adversa
576 1720 738 1765 scopulis
757 1719 1004 1766 pendentibus
1028 1727 1186 1766 antrum,

1488 93 1531 130 31

1477 210 1538 243 140

1479 501 1541 537 ι45

1480 792 1547 829 150

1492 1371 1558 1406 160

1498 1665 1560 1712 165

120 1766 143 1839 ,ff
161 1768 286 1817 Intus
282 1772 402 1826 aquae
420 1765 546 1814 dulces
564 1779 724 1824 vivoque
747 1778 879 1813 sedilia
897 1790 998 1822 saxo,
1233 1797 1438 1851 mand&
1459 1762 1652 1851 Ᾱῖβθᾶ

115 1881 118 1885 Α
134 1881 135 1884 ¹
162 1840 420 1885 Nympharum
438 1839 599 1873 domus·
626 1838 685 1872 hic
704 1836 913 1891 sessasQon
931 1837 1079 1872 vincula
1093 1849 1211 1887 naves

119 1926 121 1928 -
167 1899 409 1941 Ulla'tenent,
426 1907 522 1931 unco
539 1907 614 1930 non
633 1895 759 1940 alligat
779 1907 917 1930 ancora
934 1907 1068 1931 morsu.

203 1967 250 1992 uc
266 1963 410 2000 septem
431 1957 576 1989 Aeneas
595 1954 759 1989 collectis
777 1955 934 1988 navibus
956 1953 1056 1988 omni
1130 1952 1266 1996 mutus
1299 1937 1352 1986 20

163 2015 221 2050 Ex
236 2025 390 2050 nurnero
409 2013 506 2048 subit
523 2025 531 2054 ;
557 2023 758 2058 acffrnagno
776 2011 916 2046 telluris
935 2023 1061 2046 amore

165 2072 316 2119 Egressi
335 2078 462 2117 optata
479 2070 669 2116 potiuntur
686 2071 802 2104 Troes
820 2081 944 2113 arena,

168 2132 214 2166 Et
232 2131 308 2182 &le
326 2131 497 2165 tabentes
501 2136 616 2182 jitus
635 2128 672 2162 in
689 2127 796 2162 litore
814 2134 968 2173 ponunt.
998 2121 1052 2158 iv

163 2191 222 2226 Ac
238 2189 399 2236 primum
416 2187 507 2222 silici
528 2187 726 2221 scintillam
745 2198 765 2221 e
792 2187 891 2221 cudit
911 2187 1074 2222 Achates

168 2247 413 2293 Suscepitque
431 2199 816 2291 ignemssoffle
835 2245 941 2279 arida
959 2244 1097 2280 circum

125 2332 130 2335 «
169 2305 408 2343 Nutrimenta
424 2303 536 2346 dedit,
555 2303 750 2347 rapuitque
770 2302 807 2336 in
825 2302 952 2336 fomite
971 2302 1171 2338 flammam.

203 2376 266 2401 um
284 2364 459 2399 Cererem
476 2364 696 2412 corruptaQ
707 2361 814 2395 undis
835 2360 1077 2407 Cerealiaque
1092 2373 1197 2397 arma

294 2406 441 2446 ‘⁷³²
494 2407 615 2449 ιβ’
695 2423 707 2468 l

1502 1967 1569 2002 170

1509 2259 1570 2316 ’τε
