1652 2651
375 134 406 162 Ρ.
439 135 604 162 ventum
635 133 813 161 MARONIS
842 131 1046 160 AENEIDOS
1075 124 1153 158 12113.
1187 132 1211 158 1.
1449 118 1497 155 33

144 233 346 278 Postquam
363 239 536 281 exegnpta
554 232 671 282 faQes
690 231 807 285 etffllis
827 242 1052 276 mensaeque
1071 236 1248 269 remotae,

93 290 265 327 Amissos
282 292 394 336 longo
411 291 533 326 socios
553 301 723 325 sermone
741 290 945 336 requirunt,

97 349 285 396 Spemque
301 355 516 395 metumque
534 349 630 384 inter
647 348 761 391 dubii,
776 342 844 383 ‘seu
863 347 985 382 vivere
1004 346 1167 391 credant,

98 407 184 443 Sive
200 413 365 442 extrema
382 407 457 453 pati
476 418 545 442 nec
558 408 638 452 jam
655 407 828 455 errandire
847 413 1010 450 uocatos.

99 465 299 511 Praecipue
317 465 400 511 pius
419 466 576 509 Aeneas,
595 451 911 511 ῃυῃὸχόῗὸηῖίῑλ
1433 471 1501 495 220
1527 460 1530 464 ⁸

99 524 208 558 Nunc
224 524 354 569 Amyci
373 536 501 559 casum
519 523 635 568 gemit
653 530 688 558 et
707 523 871 558 crudelia
889 534 1014 557 secum

99 582 192 617 Fata
210 582 308 628 Lyci,
327 583 533 628 fortemque
552 583 660 627 Gyan
678 582 885 627 fortemque
906 581 1139 615 Cloanthum⁴

143 641 194 676 Et
205 640 285 686 Jam
303 641 385 675 finis
404 648 482 676 erat
501 654 510 682 ;
540 652 653 686 quum
670 641 838 686 Juppiter
855 640 1005 674 aethere
1023 649 1169 673 summo

98 699 320 745 Despiciens
338 711 438 734 mare
457 700 654 734 velivolum
672 707 862 745 terrasque
875 699 1044 744 jacentes

99 757 296 804 Litoraque
313 764 348 793 et
365 759 459 793 latos
477 759 644 804 populos,
665 758 717 793 sic
734 758 871 792 vertice
890 757 981 792 caeli
1435 765 1475 787 22
1485 765 1498 797 5

99 816 286 860 Constitit,
305 823 341 852 et
361 816 499 861 Libyae
517 817 642 851 defixit
660 817 799 851 lumina
817 816 949 861 regnis.

98 877 220 921 Atque
237 875 340 910 illum
357 876 449 910 tales
462 876 667 920 jactantem
688 883 835 920 pectore
853 887 961 910 curas

98 932 255 968 Tristior
271 940 308 968 et
325 934 486 968 lacrimis
505 934 631 968 oculos
651 934 790 968 suffusa
807 934 966 968 nitentes

98 991 319 1038 Adloquitur
335 993 462 1027 Venus
480 1006 488 1028 ;
515 992 535 1009 “
550 994 593 1033 O,
614 993 675 1038 qui
694 1004 751 1026 res
770 993 1037 1038 hominumque
1055 992 1241 1037 deumque

97 1050 270 1084 Aeternis
287 1049 384 1095 regis
403 1050 567 1096 imperiis
587 1058 622 1085 et
640 1041 792 1085 fulmine
811 1058 936 1094 terres,
1437 1057 1506 1091 230

101 1107 201 1152 Quid
217 1120 323 1144 meus
341 1110 490 1144 Aeneas
508 1109 545 1143 in
564 1116 598 1144 te
618 1110 848 1144 committere
866 1116 1020 1152 tantum,

100 1166 200 1212 Quid
217 1168 334 1202 Troes
353 1174 514 1212 potuere,
530 1168 663 1214 qui-bus
681 1175 734 1202 tot
751 1169 881 1202 funera
898 1167 1029 1216 passis,

101 1225 263 1260 Cunctus
281 1226 329 1260 ob
351 1225 496 1260 Italiam
515 1233 695 1261 terrarum
713 1226 895 1261 clauditur
912 1225 1039 1260 orbis?

100 1283 209 1318 Certe
225 1283 311 1318 hinc
331 1285 523 1318 Romanos
542 1285 641 1328 olim,
659 1285 892 1319 volventibus
910 1284 1027 1322 annis,

102 1341 202 1377 Hinc
218 1342 296 1377 fore
313 1342 486 1377 ductores
504 1350 677 1377 revocato
695 1355 717 1378 a
735 1343 915 1392 sanguine
933 1341 1077 1385 Teucri,
1438 1349 1480 1384 23
1487 1349 1504 1385 5

71 1445 74 1447 Β
101 1399 174 1444 Qui
191 1411 305 1444 mare,
323 1400 385 1446 qui
403 1408 519 1435 terras
539 1392 639 1435 omni
658 1402 804 1436 dicione
830 1407 1008 1443 tenerent,

50 1489 52 1491 ,
101 1458 314 1501 Pollicitus;
341 1470 436 1504 quae
454 1467 500 1503 te,
519 1460 674 1504 genitor,
696 1461 881 1495 sententia
898 1459 1004 1494 vertit
1022 1460 1035 1493 ?
1082 1502 1086 1506 ι

58 1543 63 1546 -
102 1517 187 1551 Hoc
203 1517 378 1563 equidem
395 1529 568 1552 occasum
589 1519 724 1563 Trojae
742 1519 939 1564 tristesque
960 1510 1085 1552 ruinas

102 1575 267 1620 Solabar,
286 1575 371 1610 fatis
390 1576 574 1611 contraria
592 1577 668 1611 fata
686 1578 893 1622 rependens
911 1590 920 1619 ;

102 1633 214 1669 Nunc
231 1634 363 1669 eadem
381 1635 527 1670 fortuna
544 1636 642 1670 viros
660 1643 713 1670 tot
733 1637 879 1671 casibus
899 1642 1002 1670 actos
1439 1644 1508 1687 240
1536 1680 1542 1692 Ι

103 1691 322 1737 Insequitur.
339 1694 495 1737 &Quem
513 1694 581 1728 das
599 1695 722 1738 finem,
742 1707 805 1729 rex
822 1706 966 1739 magne,
987 1694 1184 1728 laborum?
1417 1716 1455 1724 Ρ,
1469 1700 1518 1718 *ι’-κ
1551 1711 1558 1717 ³

101 1752 269 1786 Antenor
285 1751 415 1796 potuit,
433 1752 565 1787 mediis
585 1753 733 1798 elapsus
752 1754 915 1796 Achivis,

105 1808 271 1854 Illyricos
288 1817 481 1855 penetrare
498 1811 600 1846 sinus
619 1818 730 1856 atque
749 1812 879 1846 intima
896 1818 996 1847 tutus

103 1868 236 1913 Regna
254 1866 512 1913 Lib'urnomm,
533 1876 569 1904 et
587 1870 727 1904 fontem
745 1882 918 1915 superare
937 1869 1096 1913 Timavi,

105 1925 218 1962 Unde
234 1937 302 1972 per
317 1937 382 1961 ora
400 1939 535 1962 novem
552 1935 658 1963 vasto
677 1940 761 1963 cum
788 1940 974 1963 murmure
992 1928 1129 1962 montis
1442 1937 1505 1970 245
1545 1925 1548 1929 '

0 1984 147 2041 μζ
155 1992 493 2035 mare⁹plroruptum
511 1994 547 2021 et
563 1987 696 2032 pelago
711 1988 844 2032 premit
861 1999 951 2021 arva
969 1986 1123 2021 sonanti.

1 2043 7 2047 '
66 2043 74 2087 1
106 2041 180 2078 Hic
195 2048 321 2078 tamen
339 2043 399 2078 ille
416 2044 547 2078 urbem
567 2031 694 2080 Ρῖῐῖὖί
713 2046 895 2091 sedesque
912 2045 1047 2080 locavit

103 2101 342 2146 Teucrorum,
360 2109 396 2137 et
413 2103 514 2147 genti
531 2115 668 2138 nomen
687 2103 800 2147 dedit,
819 2115 997 2149 armaque
1015 2103 1090 2137 fixit
1142 2144 1144 2146 v

103 2158 244 2201 Troia3
266 2169 366 2194 nunc
383 2159 532 2205 placida
549 2168 763 2212 compostus
790 2173 882 2207 pace
899 2161 1055 2207 quiescit
1074 2173 1081 2195 :

1090 1505 1112 1515 x

6 2199 58 2280 ἐς)
107 2217 201 2262 Nos,
216 2222 281 2252 tua
304 2217 513 2262 progenies,
534 2219 627 2254 caeli
645 2218 778 2265 quibus
796 2219 929 2275 aQis
947 2230 1082 2262 arcem,
1441 2227 1510 2264 250

107 2274 287 2319 Navibus,
304 2275 496 2329 infandum
514 2279 521 2312 ἔ
548 2277 706 2321 amissis,
725 2277 832 2325 unius
851 2278 899 2312 ob
918 2277 1009 2312 iram
1036 2313 1038 2315 ,

0 2326 45 2379 Ἴ
115 2376 119 2381 .
211 2331 219 2339 '
262 2344 319 2378 ur,
336 2340 449 2380 atque
469 2334 572 2370 Italis
588 2335 699 2380 longe
716 2335 961 2381 disjungimur
978 2329 1061 2370 oris'ss'

107 2391 182 2440 ῌίο
199 2390 348 2438 pietatis
364 2392 513 2446 honos?
564 2394 626 2430 Sic
642 2405 711 2430 nos
730 2394 766 2430 in
785 2401 931 2441 sceptra
949 2393 1097 2441 reponis
1109 2393 1145 2430 ?''

87 2457 92 2460 .
283 2451 306 2485 3
471 2452 527 2470 27,
760 2449 780 2452 -
