1652 2651
471 95 501 124 P.
536 98 698 124 VERGILI
730 96 908 124 MARONIS
937 96 1138 124 AENEIDOS
1168 96 1245 123 LIB.
1279 95 1302 123 1.
1329 74 1335 81 ·

188 193 250 228 Ad
267 205 378 239 quem
398 202 476 228 tum
493 195 590 238 Juno
609 195 762 240 supplex
781 195 838 228 his
858 195 1009 229 vocibus
1030 206 1095 228 usa
1114 202 1168 228 est
1187 207 1193 228 :

192 251 352 296 “Aeole,
372 264 534 298 namque
552 253 616 287 tibi
637 253 763 287 divum
782 260 884 297 pater
909 260 1021 298 atque
1039 253 1231 289 hominum
1249 263 1311 286 rex

191 309 240 344 Et
258 310 420 345 mulcere
439 311 541 345 dedit
560 311 691 345 fluctus
710 318 745 345 et
764 311 891 345 tollere
910 318 1030 353 vento,

193 367 296 402 Gens
315 367 465 403 inimica
482 368 571 402 mihi
592 369 823 413 Tyrrhenum
842 368 992 411 navigat
1010 380 1160 414 aequor,

193 425 303 460 Ilium
321 425 357 474 in
380 426 526 461 ltaliam
545 434 695 471 portans
717 427 905 472 victosque
927 428 1106 461 Penates:

194 483 323 528 Incute
340 484 416 518 vim
433 484 552 533 ventis
571 485 856 529 submersasque
875 485 989 519 obrue
1009 496 1161 530 puppes,

191 543 267 577 Aut
284 553 353 586 age
371 542 537 577 diversos
555 549 591 577 et
609 543 738 588 disjice
758 554 913 588 corpora
931 550 1057 588 ponto.

193 599 393 655 SthVih'i
412 600 469 634 bis
488 607 630 647 septem
648 601 852 657 praestanti
879 613 1032 646 corpore
1054 602 1264 646 Nymphae,
1295 626 1297 628 .
1314 611 1318 613 ·

193 647 358 711 Qu—arssssm
372 650 471 706 nurse
489 649 609 690 forma
627 656 875 700 pulcherrima
899 648 1088 699 iki'ffpgiss

194 704 530 768 Coriubff'ungam
550 714 671 749 stabili
690 715 952 760 propriamque
975 715 1121 758 dicabo,

194 772 335 806 Omnes
378 778 391 807 t
410 779 533 807 tecum
551 773 690 807 meritis
709 784 774 818 pro
793 773 927 807 talibus
946 785 1064 807 annos

194 829 329 874 Exigat
347 836 383 865 et
401 831 553 877 pulchra
571 831 682 865 faciat
700 838 736 865 te
754 831 856 876 prole
874 831 1100 875 parentem.''
1126 832 1162 870 4

239 888 377 922 Aeolus
395 889 488 923 haec
507 896 635 923 contra
653 901 660 923 ε
690 889 710 905 “
722 878 837 932 Tuus,
859 900 880 922 ο
898 889 1036 933 regina,
1056 889 1144 933 quid
1163 896 1269 933 optes

194 946 396 990 Explorate
414 947 519 981 labor
535 961 542 989 ;
569 947 659 981 mihi
673 947 778 992 jussa
797 959 992 992 capessere
1011 947 1064 981 fas
1085 956 1148 981 cst.

164 1005 251 1042 -‚Tu
269 1004 370 1048 mihi,
391 1006 651 1051 quodcumque
670 1006 741 1040 hoc
759 1005 872 1057 regni,
888 1013 926 1040 tu
946 1013 1092 1050 sceptra
1110 1007 1315 1050 jovemque

195 1062 394 1104 Concilias,
412 1069 449 1096 tu
469 1063 536 1096 das
556 1063 672 1115 epssffl}
691 1058 912 1097 accumbere
931 1063 1068 1105 divum,

197 1120 494 1166 Nimborurnque
512 1121 603 1155 facis
622 1128 962 1166 tempestatumque
981 1122 1201 1166 potentem.”
1216 1133 1230 1152 ς
1264 1138 1269 1151 r

244 1179 350 1213 Haec
369 1178 560 1223 ubi·dicta,
580 1191 711 1213 cavum
729 1191 907 1214 conversa
934 1180 1087 1224 cuspide
1107 1186 1271 1214 montem

200 1237 348 1282 Impulit
367 1237 403 1271 in
421 1238 516 1282 latus
537 1250 543 1271 :
571 1249 614 1272 ac
631 1238 743 1280 venti,
763 1239 861 1272 velut
881 1238 1029 1282 agmine
1047 1239 1156 1281 facto,

197 1295 282 1339 Qua
298 1281 522 1345 ἀαῖῷἷρὲει,
543 1303 652 1330 ruunt
671 1303 706 1330 et
725 1303 841 1330 terras
860 1297 1006 1330 turbine
1024 1297 1193 1341 perfiant.

199 1353 404 1388 Incubuere
422 1353 526 1396 mari,
546 1361 738 1399 totumque
757 1365 778 1388 a
798 1355 948 1388 sedibus
967 1354 1050 1389 imis

200 1413 288 1467 Qa
305 1413 499 1457 Eurusque
521 1413 715 1458 Notusque
734 1421 842 1447 ruunt
861 1414 1063 1458 creberque
1083 1413 1253 1458 procellis

197 1469 357 1513 Africus,
377 1476 413 1504 et
430 1477 556 1504 vastos
574 1470 724 1505 volvunt
743 1471 790 1504 ad
810 1470 918 1505 litora
935 1471 1079 1505 fluctus.

202 1528 411 1574 Insequitur
429 1528 641 1573 clamorque
659 1528 777 1563 virum
797 1529 1005 1574 stridorque
1024 1531 1230 1564 rudentum.

177 1596 180 1598 ’
200 1585 371 1632 Eripiunt
390 1587 512 1622 subito
531 1587 647 1621 nubes
666 1588 883 1633 caelumque
902 1588 1074 1634 diemque

199 1647 426 1680 Teucrorum
444 1656 488 1680 ex
507 1646 621 1680 oculis
639 1658 646 1687 ;
672 1654 786 1690 ponto
804 1658 877 1680 nox
895 1646 1044 1681 incubat
1063 1654 1154 1681 atra.

202 1704 400 1739 Intonuere
418 1703 502 1749 poli,
522 1712 558 1737 et
576 1704 713 1738 crebris
733 1704 843 1738 micat
863 1704 1011 1749 ignibus
1029 1706 1166 1748 aether,

92 1780 98 1787 -
142 1787 145 1789 -
202 1763 514 1808 Praesentemque
533 1763 618 1796 viris
637 1762 820 1797 intentant
838 1763 962 1797 omnia
980 1758 1150 1798 mortem.

146 1835 152 1842 ·
209 1820 240 1853 ἱ(
248 1819 447 1865 Extemplo
464 1821 824 1859 Aeneaaesolvuntur
841 1820 975 1865 frigore
994 1822 1161 1855 membra
1179 1833 1185 1856 :

148 1891 155 1896 ·
205 1870 374 1924 Ingemit,
393 1876 428 1913 ef
446 1874 614 1923 duplices
631 1879 788 1913 tendens
808 1879 855 1912 ad
875 1879 1004 1913 sidera.
1015 1881 1159 1924 palmas

0 2049 14 2076 ἱ
23 2041 63 2066 h,—
87 2036 126 2074 Li...
136 2054 146 2069 ''-

34 2077 38 2087 ι
57 2082 62 2088 -

202 1935 311 1972 Talia
326 1947 418 1971 voce
432 1936 541 1971 refert
559 1948 566 1970 :
594 1935 615 1952 “
628 1936 660 1971 O
681 1943 806 1981 terque
825 1945 1028 1982 quaterque
1046 1937 1155 1979 beati,

112 2025 119 2035 ,
199 1993 295 2041 ¹Quis
312 2001 399 2029 ante
416 2005 482 2029 ora
499 2001 645 2039 patrum
663 1994 796 2039 Trojae
816 1996 883 2029 sub
903 1995 1097 2029 moenibus
1115 1995 1199 2029 altis

204 2053 368 2098 ContIgit
385 2059 560 2097 oppetere
577 2054 584 2087 1
613 2053 644 2087 O
671 2055 840 2087 Danaum
860 2054 1059 2088 fortissime
1077 2053 1199 2098 gentis

164 2103 175 2134 Ϊ
188 2111 349 2158 =Tydide
367 2113 374 2145 Ξ
401 2120 510 2148 mene
531 2110 654 2145 Iliacis
673 2112 892 2146 occumbere
912 2112 1054 2158 campis

172 2187 174 2189 >
194 2166 296 2217 >Nun
310 2166 481 2222 potuisse*
491 2176 628 2214 tuaque
645 2168 808 2203 animam
829 2171 923 2203 hanc
942 2169 1129 2204 effundere
1149 2171 1288 2214 dextra,

99 2223 106 2234 ι
175 2219 193 2248 21
202 2212 349 2264 &mg
415 2225 422 2233 .
548 2226 553 2232 .
743 2227 762 2246 3
868 2243 872 2245 Α
1079 2228 1085 2234 .
1109 2229 1112 2233 .

96 2246 98 2251 v
267 2270 270 2273 .
300 2246 301 2249 ¹
363 2227 424 2262 ubi
442 2226 630 2262 Aeacidae
648 2227 721 2261 telo
735 2235 834 2272 jacet
860 2229 1008 2270 Hector,
1027 2229 1088 2262 ubi
1107 2240 1236 2272 ingens

205 2286 414 2332 Sarpedon,
433 2285 494 2320 ubi
513 2291 565 2319 tot
586 2285 723 2320 Simois
743 2294 911 2331 corr-pta
930 2287 997 2320 sub
1016 2286 1125 2321 undis

205 2346 320 2382 Scuta
335 2344 453 2379 virum
468 2344 669 2389 galeasque
686 2350 722 2380 et
739 2344 846 2379 fortia
863 2356 1018 2390 cin-pora
1037 2345 1178 2379 volvit.''

1515 63 1587 141 με)

1554 838 1596 874 75

1557 1122 1605 1167 80.

1560 2007 1604 2042 95

1541 2300 1606 2334 100
