1652 2651
0 46 109 140 ’,ΞΕ-91
328 88 359 113 Ρ.
391 87 556 114 VERGILI
588 87 764 113 MARONIS
795 87 994 114 AENEIDOS
1027 88 1103 115 LIB.
1138 88 1162 115 1.

91 184 197 219 Talia
211 184 364 230 jactanti
384 167 544 221 stridens
556 183 748 239 Aquilone
771 184 933 230 plocella
976 204 996 225 ῃ

46 242 177 278 Velum
195 243 355 282 adversa
372 241 467 302 serit,
488 227 696 301 fluctusque
713 242 761 276 ad
778 234 909 287 sideia
919 230 1030 298 tollit

45 303 282 346 Franguntur
299 299 415 344 remi3
437 286 521 335 tum
540 296 649 346 prora
666 299 797 334 avertit
817 289 854 334 et
870 284 992 348 undis

47 362 121 396 Dat
139 352 258 395 latus:
286 359 492 404 insequitur
509 359 656 393 cumulo
676 350 921 404 praeruptus
913 370 1031 404 aquae
1050 371 1170 395 mons.
1182 385 1211 418 ,ζ
1384 369 1447 405 105
1460 375 1529 390 ...-

46 418 96 453 Hi
115 429 261 453 summo
279 418 316 452 in
335 418 446 452 fluctu
466 417 654 462 pendent3
680 416 738 450 his
758 417 857 451 unda
875 417 1072 452 dehiscens

43 478 197 512 Terram
217 476 311 511 inter
327 476 459 511 fluctus
477 474 594 521 aperit
612 488 620 517 ;
645 474 728 509 furit
746 482 871 509 aestus
889 475 1044 517 arenis.j
1072 511 1085 518 ἢ

42 538 136 571 Tres
156 536 278 570 Notus
296 535 469 579 abreptas
487 534 524 568 in
543 545 632 568 saxa
649 533 801 568 latentia
819 540 1012 579 torquet—-

42 594 141 629 Saxa
158 600 291 628 vocant
314 593 395 627 Itali
414 591 546 626 mediis
565 603 660 638 quae
686 592 723 626 in
742 591 913 625 fluctibus
932 593 1074 626 Aras—

43 653 206 687 Dorsum
226 652 388 685 immane
406 650 498 685 mari
518 662 663 685 summo
680 663 688 692 3
715 657 788 685 tres
808 651 928 684 Eurus
948 651 995 684 ab
1013 650 1087 684 alto
1386 660 1448 686 nc

44 712 86 746 In
104 710 231 746 brevia
250 716 286 745 et
307 711 433 754 Syrtes
452 715 568 753 urget,
587 708 798 743 miserabile
815 708 908 751 visu,

43 769 230 814 Illiditque
247 767 354 803 vadis
373 774 484 813 atque
502 779 637 812 aggere
656 767 770 811 cingit
789 778 934 801 arenae.

0 833 15 875 ’τ
44 829 180 872 Unam,
200 838 296 873 quae
319 826 449 871 Lycios
467 826 657 872 fidumque
676 826 834 860 vehebat
855 827 1031 869 Oronten,

2 875 22 891 ⁸
43 886 164 940 Ipsi-us
182 892 268 921 ante
286 886 413 920 oculos
432 885 563 929 ingens
582 896 604 919 a
621 887 759 930 vertice
778 891 912 929 pontus

14 1113 27 1122 ,.

0 1128 9 1150 ,1

0 1280 20 1366 l

39 1355 137 1391 Vicit
155 1355 300 1399 hiemps
318 1366 326 1395 3
352 1353 443 1386 laxis
462 1353 618 1387 laterum
638 1351 881 1396 compagibus
900 1363 1030 1386 omnes
1345 1340 1347 1342 ,
1376 1339 1419 1412 ,ζ

30 1411 236 1459 'Accipiunt
255 1411 446 1446 inimicum
465 1411 622 1445 imbrem
640 1410 814 1453 rimisque
833 1410 1022 1445 fatiscunt.
1192 1405 1194 1413 ’
1390 1398 1405 1424 f

43 946 87 980 In
103 944 258 991 puppim
276 944 357 978 ferit
373 956 379 977 :
408 943 590 978 excutitur
607 954 818 988 pronusque
837 943 1015 986 magister
1383 952 1447 988 1¹5

40 1003 235 1039 Volvitur
227 1015 263 1037 in
283 1008 420 1048 caput;
445 1008 503 1036 ast
521 1002 623 1036 illam
641 1008 696 1036 ter
714 1001 846 1035 fluctus
865 1001 1004 1035 ibidem

39 1064 208 1117 Torquet
222 1072 338 1118 agens
357 1060 506 1104 circum,
525 1066 561 1106 et
579 1060 729 1105 rapidus
749 1067 851 1094 vorat
874 1071 1034 1104 aequore
1052 1066 1190 1096 vortex.

38 1112 255 1167 Adparent
250 1112 322 1154 r'a'ri
341 1107 473 1154 nantes
500 1118 537 1152 in
555 1117 700 1163 gurgite
716 1125 834 1161 vasto,

39 1180 155 1214 Arma
170 1178 305 1221 virum,
321 1178 555 1221 tabulaeque,
574 1183 608 1210 et
628 1176 741 1210 Troia
757 1187 848 1220 gaza
866 1187 931 1220 per
948 1177 1077 1210 undas.
1379 1162 1398 1243 s
1410 1167 1452 1270 ,Ξ

38 1239 123 1283 Jam
140 1237 303 1271 validam
325 1235 454 1270 Ilionei
472 1247 616 1278 navem,
633 1234 710 1278 jam
730 1235 832 1268 fortis
851 1235 1029 1278 Achatae,
1145 1232 1151 1248 ²
1382 1244 1396 1270 1

40 1297 90 1332 Et
107 1307 181 1341 qua
196 1302 324 1330 vectus
342 1294 457 1338 Abas,
477 1300 512 1328 et
531 1305 600 1339 qun
622 1294 854 1336 grandaevus
873 1293 1013 1336 Aletes,

89 1474 236 1508 Interea
253 1482 388 1515 magno
408 1470 552 1504 misceri
572 1481 759 1504 murmure
778 1476 945 1514 pontum,
1447 1503 1449 1506 ,

39 1531 304 1575 Emissamque
322 1528 483 1563 hiemem
502 1528 617 1563 sensit
638 1529 834 1573 Neptunus
853 1534 888 1562 et
907 1527 990 1562 imis
1367 1510 1447 1572 ἧς

4 1621 6 1623 ,
38 1591 183 1634 ,Stagna
200 1588 320 1622 refusa
339 1587 455 1628 vadis,
473 1586 635 1630 graviter
653 1594 861 1620 commotus
879 1599 887 1628 3
913 1593 949 1620 et
967 1587 1042 1620 alto

0 2425 39 2438 l

41 1647 287 1693 Prospiciens,
307 1656 453 1679 sumnia
472 1645 659 1689 placidum
677 1651 786 1689 caput
810 1643 936 1678 extulit
955 1645 1066 1678 unda.

41 1706 249 1750 Disjectam
267 1705 420 1738 Aeneae
438 1709 516 1737 toto
534 1699 634 1737 videt
653 1714 814 1748 aequore
832 1703 1002 1746 classem,

41 1764 232 1800 Fluctibus
251 1773 450 1808 oppressos
471 1762 588 1795 Troas
608 1761 774 1806 caelique
791 1760 920 1803 ruina,-

42 1825 124 1858 Nec
142 1823 281 1857 latuere
299 1820 374 1855 doli
392 1820 543 1854 fratrem
560 1820 716 1864 Junonis
735 1826 771 1854 et
789 1819 866 1853 irae
885 1831 893 1860 ;
1383 1813 1468 1868 1323
1527 1810 1555 1860 ,ᾗ
1578 1848 1579 1851 ,

41 1883 183 1917 Eurum
201 1880 249 1914 ad
267 1891 308 1913 se
326 1879 608 1924 Zephyrumque
626 1884 746 1921 vocat,
766 1875 901 1930 dehinc
921 1878 1008 1912 talia
1026 1878 1123 1931 Q
1139 1889 1148 1914 :
1335 1879 1337 1882 “
1371 1865 1652 1927 [Βᾼῴρθι.

41 1942 241 1975 “Tantane
258 1949 325 1972 vos
343 1937 490 1982 generis
507 1936 624 1971 tenuit
643 1936 779 1971 fiducia
794 1936 903 1970 vestri
918 1937 931 1970 ?
1254 1943 1255 1946 ’
1349 1929 1354 1934 ’
1411 1927 1414 1930 ’
1436 1926 1462 1935 ’”
1474 1922 1511 1948 ⁴⁸³
1520 1926 1570 1948 ’μ’

40 1999 125 2044 Jam
143 1997 286 2032 caelum
305 2002 515 2040 terramque
533 2006 618 2029 meo
637 1995 716 2029 sine
735 1994 896 2042 numine,
916 1994 1039 2038 Venti,

45 2057 202 2103 Miscere
222 2062 257 2089 et
277 2061 399 2089 tantas
418 2053 562 2096 aude-tis
581 2054 709 2102 tolle-re
728 2053 874 2087 moles?

42 2103 146 2160 Quos
165 2113 351 2158 ego—sed
370 2119 491 2147 motos
509 2118 674 2157 praestat
700 2122 924 2156 componere
942 2111 1074 2146 fluctus
1091 2123 1098 2146 :

43 2175 132 2208 Post
149 2171 239 2207 mihi
259 2182 333 2205 non
352 2170 462 2205 simili
482 2182 602 2215 poena
621 2169 821 2204 commissa
839 2169 955 2216 luetis.
992 2178 1028 2202 Ar

43 2233 232 2267 Maturate
249 2229 386 2273 fugam,
406 2229 556 2274 regique
574 2229 668 2263 haec
687 2227 797 2262 dicite
816 2234 938 2262 vestro
955 2241 963 2270 ;

45 2292 132 2326 Non
151 2289 202 2324 illi
221 2287 417 2333 imperium
436 2287 556 2333 pelagi
576 2297 803 2331 saevumque
823 2286 1032 2330 tridentem,
1082 2280 1085 2284 ’

45 2349 116 2385 Sed
136 2347 225 2383 mihi
246 2351 344 2381 sorte
363 2345 500 2381 datum.
554 2346 672 2380 Tenet
692 2345 750 2379 ille
777 2345 953 2378 immania
972 2356 1072 2389 saxa,
