<?xml version="1.0" encoding="UTF-8"?>
<!DOCTYPE html PUBLIC "-//W3C//DTD XHTML 1.0 Transitional//EN"
    "http://www.w3.org/TR/xhtml1/DTD/xhtml1-transitional.dtd">
<html xmlns="http://www.w3.org/1999/xhtml" xml:lang="en" lang="en">
 <head>
  <title>
</title>
<meta http-equiv="Content-Type" content="text/html;charset=utf-8" />
  <meta name='ocr-system' content='tesseract 3.04.00' />
  <meta name='ocr-capabilities' content='ocr_page ocr_carea ocr_par ocr_line ocrx_word'/>
</head>
<body>
  <div class='ocr_page' id='page_1' title='image "./vergilsaeneid00virg_0034.png"; bbox 0 0 1652 2651; ppageno 0'>
   <div class='ocr_carea' id='block_1_1' title="bbox 66 79 1182 121">
    <p class='ocr_par' dir='ltr' id='par_1_1' title="bbox 66 79 1182 121">
     <span class='ocr_line' id='line_1_1' title="bbox 66 79 1182 121; baseline 0.004 -5"><span class='ocrx_word' id='word_1_1' title='bbox 66 79 114 117; x_wconf 73' lang='lat'>32</span> <span class='ocrx_word' id='word_1_2' title='bbox 350 92 380 117; x_wconf 81' lang='lat' dir='ltr'>P.</span> <span class='ocrx_word' id='word_1_3' title='bbox 414 92 575 118; x_wconf 72' lang='lat' dir='ltr'>VERGILI</span> <span class='ocrx_word' id='word_1_4' title='bbox 607 91 784 118; x_wconf 74' lang='lat' dir='ltr'>MARONIS</span> <span class='ocrx_word' id='word_1_5' title='bbox 814 91 1014 119; x_wconf 81' lang='lat' dir='ltr'>AENEIDOS</span> <span class='ocrx_word' id='word_1_6' title='bbox 1044 91 1121 118; x_wconf 76' lang='lat' dir='ltr'>mn.</span> <span class='ocrx_word' id='word_1_7' title='bbox 1154 91 1182 121; x_wconf 76' lang='grc' dir='ltr'>Ι.</span> 
     </span>
    </p>
   </div>
   <div class='ocr_carea' id='block_1_2' title="bbox 18 189 1233 1344">
    <p class='ocr_par' dir='ltr' id='par_1_2' title="bbox 18 189 1233 1344">
     <span class='ocr_line' id='line_1_2' title="bbox 67 189 936 234; baseline 0.001 -12"><span class='ocrx_word' id='word_1_8' title='bbox 67 190 278 233; x_wconf 83' lang='lat' dir='ltr'>Expediunt</span> <span class='ocrx_word' id='word_1_9' title='bbox 297 189 382 223; x_wconf 77' lang='lat' dir='ltr'>sessi</span> <span class='ocrx_word' id='word_1_10' title='bbox 403 201 533 232; x_wconf 83' lang='lat' dir='ltr'>rerum,</span> <span class='ocrx_word' id='word_1_11' title='bbox 553 189 750 234; x_wconf 85' lang='lat' dir='ltr'>frugesque</span> <span class='ocrx_word' id='word_1_12' title='bbox 767 196 936 234; x_wconf 89' lang='lat' dir='ltr'>receptas</span> 
     </span>
     <span class='ocr_line' id='line_1_3' title="bbox 66 247 956 292; baseline 0 -10"><span class='ocrx_word' id='word_1_13' title='bbox 66 248 115 282; x_wconf 83' lang='lat' dir='ltr'>Et</span> <span class='ocrx_word' id='word_1_14' title='bbox 133 254 271 290; x_wconf 61' lang='lat' dir='ltr'>torrere</span> <span class='ocrx_word' id='word_1_15' title='bbox 290 255 420 292; x_wconf 78' lang='lat' dir='ltr'>parant</span> <span class='ocrx_word' id='word_1_16' title='bbox 439 247 598 281; x_wconf 85' lang='lat' dir='ltr'>flammis</span> <span class='ocrx_word' id='word_1_17' title='bbox 617 254 653 282; x_wconf 90' lang='lat' dir='ltr'>et</span> <span class='ocrx_word' id='word_1_18' title='bbox 670 248 839 292; x_wconf 84' lang='lat' dir='ltr'>frangere</span> <span class='ocrx_word' id='word_1_19' title='bbox 858 259 956 282; x_wconf 84' lang='lat' dir='ltr'>saxo.</span> 
     </span>
     <span class='ocr_line' id='line_1_4' title="bbox 112 302 1102 351; baseline 0 -11"><span class='ocrx_word' id='word_1_20' title='bbox 112 307 261 340; x_wconf 83' lang='lat' dir='ltr'>Aeneas</span> <span class='ocrx_word' id='word_1_21' title='bbox 280 302 471 351; x_wconf 60' lang='lat' dir='ltr'>sc&#39;opTllum</span> <span class='ocrx_word' id='word_1_22' title='bbox 492 306 632 340; x_wconf 79' lang='lat' dir='ltr'>interea</span> <span class='ocrx_word' id='word_1_23' title='bbox 650 306 876 344; x_wconf 76' lang='lat' dir='ltr'>conscendit,</span> <span class='ocrx_word' id='word_1_24' title='bbox 899 313 935 341; x_wconf 92' lang='lat' dir='ltr'>et</span> <span class='ocrx_word' id='word_1_25' title='bbox 954 317 1102 340; x_wconf 89' lang='lat' dir='ltr'>omnem</span> 
     </span>
     <span class='ocr_line' id='line_1_5' title="bbox 69 359 1021 410; baseline 0.001 -12"><span class='ocrx_word' id='word_1_26' title='bbox 69 365 311 410; x_wconf 88' lang='lat' dir='ltr'>Prospectum</span> <span class='ocrx_word' id='word_1_27' title='bbox 329 365 402 398; x_wconf 90' lang='lat' dir='ltr'>late</span> <span class='ocrx_word' id='word_1_28' title='bbox 421 359 554 409; x_wconf 89' lang='lat' dir='ltr'>pelago</span> <span class='ocrx_word' id='word_1_29' title='bbox 573 364 675 408; x_wconf 86' lang='lat' dir='ltr'>petit,</span> <span class='ocrx_word' id='word_1_30' title='bbox 696 365 843 398; x_wconf 80' lang='lat' dir='ltr'>Anthea</span> <span class='ocrx_word' id='word_1_31' title='bbox 861 364 890 398; x_wconf 90' lang='lat' dir='ltr'>si</span> <span class='ocrx_word' id='word_1_32' title='bbox 910 376 1021 409; x_wconf 88' lang='lat' dir='ltr'>quem</span> 
     </span>
     <span class='ocr_line' id='line_1_6' title="bbox 66 418 1066 468; baseline 0 -12"><span class='ocrx_word' id='word_1_33' title='bbox 66 423 254 468; x_wconf 87' lang='lat' dir='ltr'>Jactatum</span> <span class='ocrx_word' id='word_1_34' title='bbox 272 429 382 457; x_wconf 90' lang='lat' dir='ltr'>vento</span> <span class='ocrx_word' id='word_1_35' title='bbox 399 422 524 457; x_wconf 88' lang='lat' dir='ltr'>videat</span> <span class='ocrx_word' id='word_1_36' title='bbox 540 422 800 467; x_wconf 83' lang='lat' dir='ltr'>Phrygiasque</span> <span class='ocrx_word' id='word_1_37' title='bbox 818 422 990 466; x_wconf 83' lang='lat' dir='ltr'>biremes,</span> <span class='ocrx_word' id='word_1_38' title='bbox 1056 418 1066 427; x_wconf 51' lang='lat'>²</span> 
     </span>
     <span class='ocr_line' id='line_1_7' title="bbox 69 473 1026 526; baseline 0.001 -12"><span class='ocrx_word' id='word_1_39' title='bbox 69 483 142 515; x_wconf 87' lang='lat' dir='ltr'>Aut</span> <span class='ocrx_word' id='word_1_40' title='bbox 162 481 302 526; x_wconf 86' lang='lat' dir='ltr'>Capyn,</span> <span class='ocrx_word' id='word_1_41' title='bbox 322 473 383 514; x_wconf 84' lang='lat' dir='ltr'>aut</span> <span class='ocrx_word' id='word_1_42' title='bbox 403 481 510 515; x_wconf 88' lang='lat' dir='ltr'>celsis</span> <span class='ocrx_word' id='word_1_43' title='bbox 528 480 566 514; x_wconf 90' lang='lat' dir='ltr'>in</span> <span class='ocrx_word' id='word_1_44' title='bbox 585 480 770 525; x_wconf 86' lang='lat' dir='ltr'>puppibus</span> <span class='ocrx_word' id='word_1_45' title='bbox 789 492 894 514; x_wconf 87' lang='lat' dir='ltr'>arma</span> <span class='ocrx_word' id='word_1_46' title='bbox 915 479 1026 515; x_wconf 80' lang='lat' dir='ltr'>Caici.</span> 
     </span>
     <span class='ocr_line' id='line_1_8' title="bbox 71 539 1032 584; baseline 0 -11"><span class='ocrx_word' id='word_1_47' title='bbox 71 540 216 573; x_wconf 92' lang='lat' dir='ltr'>Navem</span> <span class='ocrx_word' id='word_1_48' title='bbox 236 539 272 573; x_wconf 88' lang='lat' dir='ltr'>in</span> <span class='ocrx_word' id='word_1_49' title='bbox 291 546 493 584; x_wconf 90' lang='lat' dir='ltr'>conspectu</span> <span class='ocrx_word' id='word_1_50' title='bbox 512 539 665 581; x_wconf 86' lang='lat' dir='ltr'>nullam,</span> <span class='ocrx_word' id='word_1_51' title='bbox 686 546 760 573; x_wconf 92' lang='lat' dir='ltr'>tres</span> <span class='ocrx_word' id='word_1_52' title='bbox 779 539 884 573; x_wconf 88' lang='lat' dir='ltr'>litore</span> <span class='ocrx_word' id='word_1_53' title='bbox 903 550 1032 574; x_wconf 86' lang='lat' dir='ltr'>cervos</span> 
     </span>
     <span class='ocr_line' id='line_1_9' title="bbox 72 597 1063 642; baseline -0.001 -10"><span class='ocrx_word' id='word_1_54' title='bbox 72 597 254 642; x_wconf 72' lang='lat' dir='ltr'>Prospicit</span> <span class='ocrx_word' id='word_1_55' title='bbox 272 604 436 631; x_wconf 83' lang='lat' dir='ltr'>errantes</span> <span class='ocrx_word' id='word_1_56' title='bbox 455 611 462 639; x_wconf 89' lang='grc'>;</span> <span class='ocrx_word' id='word_1_57' title='bbox 490 598 558 631; x_wconf 89' lang='lat' dir='ltr'>hos</span> <span class='ocrx_word' id='word_1_58' title='bbox 578 604 655 631; x_wconf 88' lang='lat' dir='ltr'>tota</span> <span class='ocrx_word' id='word_1_59' title='bbox 673 604 843 632; x_wconf 88' lang='lat' dir='ltr'>armenta</span> <span class='ocrx_word' id='word_1_60' title='bbox 861 604 1063 642; x_wconf 88' lang='lat' dir='ltr'>sequuntur</span> 
     </span>
     <span class='ocr_line' id='line_1_10' title="bbox 70 655 1020 700; baseline -0.001 -10"><span class='ocrx_word' id='word_1_61' title='bbox 70 657 103 690; x_wconf 83' lang='lat' dir='ltr'><strong>A</strong></span> <span class='ocrx_word' id='word_1_62' title='bbox 121 663 236 700; x_wconf 87' lang='lat' dir='ltr'>tergo,</span> <span class='ocrx_word' id='word_1_63' title='bbox 255 663 289 689; x_wconf 85' lang='lat' dir='ltr'>et</span> <span class='ocrx_word' id='word_1_64' title='bbox 309 656 461 700; x_wconf 86' lang='lat' dir='ltr'>longum</span> <span class='ocrx_word' id='word_1_65' title='bbox 480 667 545 700; x_wconf 91' lang='lat' dir='ltr'>per</span> <span class='ocrx_word' id='word_1_66' title='bbox 562 657 677 690; x_wconf 79' lang='lat' dir='ltr'>valles</span> <span class='ocrx_word' id='word_1_67' title='bbox 697 655 859 700; x_wconf 78' lang='lat' dir='ltr'>pascitur</span> <span class='ocrx_word' id='word_1_68' title='bbox 877 667 1020 700; x_wconf 80' lang='lat' dir='ltr'>agmen.</span> 
     </span>
     <span class='ocr_line' id='line_1_11' title="bbox 27 705 1092 759; baseline -0.001 -9"><span class='ocrx_word' id='word_1_69' title='bbox 27 705 29 707; x_wconf 26' lang='grc' dir='ltr'>Ι</span> <span class='ocrx_word' id='word_1_70' title='bbox 73 714 248 751; x_wconf 88' lang='lat' dir='ltr'>Constitit</span> <span class='ocrx_word' id='word_1_71' title='bbox 266 714 337 757; x_wconf 88' lang='lat' dir='ltr'>hic,</span> <span class='ocrx_word' id='word_1_72' title='bbox 355 725 556 759; x_wconf 84' lang='lat' dir='ltr'>arcumque</span> <span class='ocrx_word' id='word_1_73' title='bbox 575 726 686 748; x_wconf 85' lang='lat' dir='ltr'>manu</span> <span class='ocrx_word' id='word_1_74' title='bbox 707 715 918 759; x_wconf 77' lang='lat' dir='ltr'>celeresque</span> <span class='ocrx_word' id='word_1_75' title='bbox 938 714 1092 758; x_wconf 76' lang='lat' dir='ltr'>sagittas</span> 
     </span>
     <span class='ocr_line' id='line_1_12' title="bbox 60 766 959 818; baseline -0.002 -10"><span class='ocrx_word' id='word_1_76' title='bbox 60 766 271 817; x_wconf 72' lang='lat' dir='ltr'>Corripuit,</span> <span class='ocrx_word' id='word_1_77' title='bbox 292 773 387 807; x_wconf 89' lang='lat' dir='ltr'>fidus</span> <span class='ocrx_word' id='word_1_78' title='bbox 406 784 499 818; x_wconf 88' lang='lat' dir='ltr'>quae</span> <span class='ocrx_word' id='word_1_79' title='bbox 517 773 592 807; x_wconf 90' lang='lat' dir='ltr'>tela</span> <span class='ocrx_word' id='word_1_80' title='bbox 615 773 767 817; x_wconf 86' lang='lat' dir='ltr'>gerebat</span> <span class='ocrx_word' id='word_1_81' title='bbox 785 773 959 815; x_wconf 85' lang='lat' dir='ltr'>Achates,</span> 
     </span>
     <span class='ocr_line' id='line_1_13' title="bbox 75 831 1055 877; baseline -0.002 -11.082"><span class='ocrx_word' id='word_1_82' title='bbox 75 833 332 877; x_wconf 87' lang='lat' dir='ltr'>Ductoresque</span> <span class='ocrx_word' id='word_1_83' title='bbox 351 831 451 876; x_wconf 88' lang='lat' dir='ltr'>ipsos</span> <span class='ocrx_word' id='word_1_84' title='bbox 471 831 640 876; x_wconf 89' lang='lat' dir='ltr'>primum,</span> <span class='ocrx_word' id='word_1_85' title='bbox 660 831 783 876; x_wconf 88' lang='lat' dir='ltr'>capita</span> <span class='ocrx_word' id='word_1_86' title='bbox 801 831 876 865; x_wconf 87' lang='lat' dir='ltr'>alta</span> <span class='ocrx_word' id='word_1_87' title='bbox 896 831 1055 865; x_wconf 84' lang='lat' dir='ltr'>ferentes</span> 
     </span>
     <span class='ocr_line' id='line_1_14' title="bbox 18 883 1092 937; baseline -0.003 -12"><span class='ocrx_word' id='word_1_88' title='bbox 18 883 30 920; x_wconf 60' lang='lat'>1¹¹</span> <span class='ocrx_word' id='word_1_89' title='bbox 75 890 258 925; x_wconf 86' lang='lat' dir='ltr'>Cornibus</span> <span class='ocrx_word' id='word_1_90' title='bbox 276 889 452 929; x_wconf 80' lang='lat' dir='ltr'>arboreis,</span> <span class='ocrx_word' id='word_1_91' title='bbox 471 889 610 932; x_wconf 85' lang='lat' dir='ltr'>sternit,</span> <span class='ocrx_word' id='word_1_92' title='bbox 631 897 709 923; x_wconf 91' lang='lat' dir='ltr'>tum</span> <span class='ocrx_word' id='word_1_93' title='bbox 728 889 869 937; x_wconf 61' lang='lat' dir='ltr'>volgus,</span> <span class='ocrx_word' id='word_1_94' title='bbox 888 897 922 923; x_wconf 89' lang='lat' dir='ltr'>et</span> <span class='ocrx_word' id='word_1_95' title='bbox 942 900 1092 923; x_wconf 85' lang='lat' dir='ltr'>omnem</span> 
     </span>
     <span class='ocr_line' id='line_1_15' title="bbox 75 947 1091 992; baseline -0.003 -9"><span class='ocrx_word' id='word_1_96' title='bbox 75 948 212 983; x_wconf 86' lang='lat' dir='ltr'>Miscet</span> <span class='ocrx_word' id='word_1_97' title='bbox 230 959 343 992; x_wconf 85' lang='lat' dir='ltr'>agens</span> <span class='ocrx_word' id='word_1_98' title='bbox 363 947 444 982; x_wconf 87' lang='lat' dir='ltr'>telis</span> <span class='ocrx_word' id='word_1_99' title='bbox 463 959 617 982; x_wconf 89' lang='lat' dir='ltr'>nemora</span> <span class='ocrx_word' id='word_1_100' title='bbox 635 948 729 982; x_wconf 91' lang='lat' dir='ltr'>inter</span> <span class='ocrx_word' id='word_1_101' title='bbox 746 948 900 981; x_wconf 86' lang='lat' dir='ltr'>frondea</span> <span class='ocrx_word' id='word_1_102' title='bbox 920 948 1001 981; x_wconf 89' lang='lat' dir='ltr'>turb</span> <span class='ocrx_word' id='word_1_103' title='bbox 1015 959 1064 980; x_wconf 85' lang='lat' dir='ltr'>un</span> <span class='ocrx_word' id='word_1_104' title='bbox 1083 960 1091 989; x_wconf 85' lang='lat'><em>3</em></span> 
     </span>
     <span class='ocr_line' id='line_1_16' title="bbox 76 1005 1066 1055; baseline -0.002 -13"><span class='ocrx_word' id='word_1_105' title='bbox 76 1008 158 1055; x_wconf 81' lang='lat' dir='ltr'>Nec</span> <span class='ocrx_word' id='word_1_106' title='bbox 175 1006 277 1052; x_wconf 88' lang='lat' dir='ltr'>prius</span> <span class='ocrx_word' id='word_1_107' title='bbox 295 1006 452 1047; x_wconf 84' lang='lat' dir='ltr'>absistit,</span> <span class='ocrx_word' id='word_1_108' title='bbox 470 1017 582 1052; x_wconf 90' lang='lat' dir='ltr'>quam</span> <span class='ocrx_word' id='word_1_109' title='bbox 602 1013 745 1051; x_wconf 89' lang='lat' dir='ltr'>septem</span> <span class='ocrx_word' id='word_1_110' title='bbox 763 1006 930 1050; x_wconf 86' lang='lat' dir='ltr'>ingentia</span> <span class='ocrx_word' id='word_1_111' title='bbox 948 1005 1066 1040; x_wconf 86' lang='lat' dir='ltr'>victor</span> 
     </span>
     <span class='ocr_line' id='line_1_17' title="bbox 77 1065 1233 1111; baseline -0.002 -10"><span class='ocrx_word' id='word_1_112' title='bbox 77 1067 243 1111; x_wconf 80' lang='lat' dir='ltr'>Corpora</span> <span class='ocrx_word' id='word_1_113' title='bbox 258 1065 390 1099; x_wconf 91' lang='lat' dir='ltr'>fundat</span> <span class='ocrx_word' id='word_1_114' title='bbox 407 1065 579 1107; x_wconf 31' lang='lat' dir='ltr'>humb-et</span> <span class='ocrx_word' id='word_1_115' title='bbox 598 1076 793 1099; x_wconf 89' lang='lat' dir='ltr'>numerum</span> <span class='ocrx_word' id='word_1_116' title='bbox 812 1076 896 1099; x_wconf 91' lang='lat' dir='ltr'>cum</span> <span class='ocrx_word' id='word_1_117' title='bbox 914 1065 1071 1098; x_wconf 88' lang='lat' dir='ltr'>navibus</span> <span class='ocrx_word' id='word_1_118' title='bbox 1090 1070 1233 1109; x_wconf 75' lang='lat' dir='ltr'>aequet.</span> 
     </span>
     <span class='ocr_line' id='line_1_18' title="bbox 78 1123 1046 1170; baseline -0.003 -11"><span class='ocrx_word' id='word_1_119' title='bbox 78 1124 179 1159; x_wconf 85' lang='lat' dir='ltr'>Hinc</span> <span class='ocrx_word' id='word_1_120' title='bbox 197 1130 344 1170; x_wconf 90' lang='lat' dir='ltr'>portum</span> <span class='ocrx_word' id='word_1_121' title='bbox 362 1123 463 1168; x_wconf 91' lang='lat' dir='ltr'>petit,</span> <span class='ocrx_word' id='word_1_122' title='bbox 483 1130 518 1157; x_wconf 92' lang='lat' dir='ltr'>et</span> <span class='ocrx_word' id='word_1_123' title='bbox 537 1123 658 1157; x_wconf 88' lang='lat' dir='ltr'>socios</span> <span class='ocrx_word' id='word_1_124' title='bbox 677 1123 831 1168; x_wconf 88' lang='lat' dir='ltr'>partitur</span> <span class='ocrx_word' id='word_1_125' title='bbox 850 1123 887 1157; x_wconf 92' lang='lat' dir='ltr'>in</span> <span class='ocrx_word' id='word_1_126' title='bbox 906 1134 1046 1157; x_wconf 88' lang='lat' dir='ltr'>omnes.</span> 
     </span>
     <span class='ocr_line' id='line_1_19' title="bbox 77 1181 1063 1228; baseline -0.003 -10"><span class='ocrx_word' id='word_1_127' title='bbox 77 1183 175 1218; x_wconf 88' lang='lat' dir='ltr'>Vina</span> <span class='ocrx_word' id='word_1_128' title='bbox 191 1183 311 1217; x_wconf 90' lang='lat' dir='ltr'>bonus</span> <span class='ocrx_word' id='word_1_129' title='bbox 330 1194 425 1228; x_wconf 89' lang='lat' dir='ltr'>quae</span> <span class='ocrx_word' id='word_1_130' title='bbox 443 1181 578 1216; x_wconf 90' lang='lat' dir='ltr'>deinde</span> <span class='ocrx_word' id='word_1_131' title='bbox 598 1181 700 1216; x_wconf 88' lang='lat' dir='ltr'>cadis</span> <span class='ocrx_word' id='word_1_132' title='bbox 719 1189 890 1216; x_wconf 88' lang='lat' dir='ltr'>onerarat</span> <span class='ocrx_word' id='word_1_133' title='bbox 907 1183 1063 1216; x_wconf 86' lang='lat' dir='ltr'>Acestes</span> 
     </span>
     <span class='ocr_line' id='line_1_20' title="bbox 79 1240 1043 1285; baseline -0.003 -8"><span class='ocrx_word' id='word_1_134' title='bbox 79 1242 203 1277; x_wconf 86' lang='lat' dir='ltr'>Litore</span> <span class='ocrx_word' id='word_1_135' title='bbox 221 1240 414 1275; x_wconf 89' lang='lat' dir='ltr'>Trinacrio</span> <span class='ocrx_word' id='word_1_136' title='bbox 432 1241 661 1285; x_wconf 89' lang='lat' dir='ltr'>dederatque</span> <span class='ocrx_word' id='word_1_137' title='bbox 679 1240 902 1274; x_wconf 87' lang='lat' dir='ltr'>abeuntibus</span> <span class='ocrx_word' id='word_1_138' title='bbox 920 1240 1043 1283; x_wconf 86' lang='lat' dir='ltr'>heros,</span> 
     </span>
     <span class='ocr_line' id='line_1_21' title="bbox 47 1299 991 1344; baseline -0.003 -9"><span class='ocrx_word' id='word_1_139' title='bbox 47 1303 57 1334; x_wconf 52' lang='lat' dir='ltr'>t</span> <span class='ocrx_word' id='word_1_140' title='bbox 79 1300 236 1343; x_wconf 87' lang='lat' dir='ltr'>Dividit,</span> <span class='ocrx_word' id='word_1_141' title='bbox 254 1306 290 1334; x_wconf 90' lang='lat' dir='ltr'>et</span> <span class='ocrx_word' id='word_1_142' title='bbox 308 1299 416 1334; x_wconf 90' lang='lat' dir='ltr'>dictis</span> <span class='ocrx_word' id='word_1_143' title='bbox 435 1299 640 1333; x_wconf 82' lang='lat' dir='ltr'>maerentia</span> <span class='ocrx_word' id='word_1_144' title='bbox 657 1306 809 1344; x_wconf 85' lang='lat' dir='ltr'>pectora</span> <span class='ocrx_word' id='word_1_145' title='bbox 827 1299 991 1333; x_wconf 78' lang='lat' dir='ltr'>mulcet:</span> 
     </span>
    </p>
   </div>
   <div class='ocr_carea' id='block_1_3' title="bbox 83 1416 1103 1697">
    <p class='ocr_par' dir='ltr' id='par_1_3' title="bbox 83 1416 1103 1694">
     <span class='ocr_line' id='line_1_22' title="bbox 83 1416 1043 1510; baseline -0.003 -57"><span class='ocrx_word' id='word_1_146' title='bbox 83 1419 115 1454; x_wconf 95' lang='lat' dir='ltr'>O</span> <span class='ocrx_word' id='word_1_147' title='bbox 133 1417 436 1510; x_wconf 47' lang='lat' dir='ltr'>passiggraviora,</span> <span class='ocrx_word' id='word_1_148' title='bbox 457 1416 560 1450; x_wconf 87' lang='lat' dir='ltr'>dabit</span> <span class='ocrx_word' id='word_1_149' title='bbox 579 1416 671 1450; x_wconf 88' lang='lat' dir='ltr'>deus</span> <span class='ocrx_word' id='word_1_150' title='bbox 689 1416 747 1450; x_wconf 89' lang='lat' dir='ltr'>his</span> <span class='ocrx_word' id='word_1_151' title='bbox 765 1427 913 1462; x_wconf 90' lang='lat' dir='ltr'>quoque</span> <span class='ocrx_word' id='word_1_152' title='bbox 932 1416 1043 1450; x_wconf 88' lang='lat' dir='ltr'>finem</span> 
     </span>
     <span class='ocr_line' id='line_1_23' title="bbox 84 1474 1040 1524; baseline -0.003 -13"><span class='ocrx_word' id='word_1_153' title='bbox 84 1477 160 1512; x_wconf 87' lang='lat' dir='ltr'>Vos</span> <span class='ocrx_word' id='word_1_154' title='bbox 178 1482 214 1510; x_wconf 94' lang='lat' dir='ltr'>et</span> <span class='ocrx_word' id='word_1_155' title='bbox 262 1475 443 1524; x_wconf 80' lang='lat' dir='ltr'>cyllaeam</span> <span class='ocrx_word' id='word_1_156' title='bbox 461 1474 602 1508; x_wconf 87' lang='lat' dir='ltr'>rabiem</span> <span class='ocrx_word' id='word_1_157' title='bbox 622 1474 843 1519; x_wconf 88' lang='lat' dir='ltr'>penitusque</span> <span class='ocrx_word' id='word_1_158' title='bbox 864 1480 1040 1508; x_wconf 89' lang='lat' dir='ltr'>sonantes</span> 
     </span>
     <span class='ocr_line' id='line_1_24' title="bbox 85 1529 912 1583; baseline -0.005 -13"><span class='ocrx_word' id='word_1_159' title='bbox 85 1533 252 1583; x_wconf 47' lang='lat' dir='ltr'>Awesssis</span> <span class='ocrx_word' id='word_1_160' title='bbox 271 1529 457 1578; x_wconf 83' lang='lat' dir='ltr'>scopulos,</span> <span class='ocrx_word' id='word_1_161' title='bbox 477 1544 543 1566; x_wconf 87' lang='lat' dir='ltr'>vos</span> <span class='ocrx_word' id='word_1_162' title='bbox 562 1539 598 1567; x_wconf 91' lang='lat' dir='ltr'>et</span> <span class='ocrx_word' id='word_1_163' title='bbox 618 1533 805 1577; x_wconf 81' lang='lat' dir='ltr'>Cyclopea</span> <span class='ocrx_word' id='word_1_164' title='bbox 823 1544 912 1583; x_wconf 83' lang='lat' dir='ltr'>saxa</span> 
     </span>
     <span class='ocr_line' id='line_1_25' title="bbox 86 1591 1103 1654; baseline -0.002 -26"><span class='ocrx_word' id='word_1_165' title='bbox 86 1592 262 1639; x_wconf 85' lang='lat' dir='ltr'>Experti:</span> <span class='ocrx_word' id='word_1_166' title='bbox 290 1598 461 1626; x_wconf 87' lang='lat' dir='ltr'>revocate</span> <span class='ocrx_word' id='word_1_167' title='bbox 480 1591 635 1634; x_wconf 81' lang='lat' dir='ltr'>animos,</span> <span class='ocrx_word' id='word_1_168' title='bbox 655 1598 914 1654; x_wconf 80' lang='lat' dir='ltr'>maestumque</span> <span class='ocrx_word' id='word_1_169' title='bbox 932 1591 1103 1626; x_wconf 90' lang='lat' dir='ltr'>timorem</span> 
     </span>
     <span class='ocr_line' id='line_1_26' title="bbox 88 1648 1077 1697; baseline -0.002 -11"><span class='ocrx_word' id='word_1_170' title='bbox 88 1650 254 1692; x_wconf 82' lang='lat' dir='ltr'>Mittite3</span> <span class='ocrx_word' id='word_1_171' title='bbox 279 1650 403 1684; x_wconf 83' lang='lat' dir='ltr'>forsan</span> <span class='ocrx_word' id='word_1_172' title='bbox 422 1655 458 1684; x_wconf 91' lang='lat' dir='ltr'>et</span> <span class='ocrx_word' id='word_1_173' title='bbox 475 1649 568 1683; x_wconf 91' lang='lat' dir='ltr'>haec</span> <span class='ocrx_word' id='word_1_174' title='bbox 588 1649 675 1697; x_wconf 81' lang='lat' dir='ltr'>olim</span> <span class='ocrx_word' id='word_1_175' title='bbox 695 1648 911 1684; x_wconf 88' lang='lat' dir='ltr'>meminisse</span> <span class='ocrx_word' id='word_1_176' title='bbox 924 1649 1077 1694; x_wconf 80' lang='lat' dir='ltr'>juvabit.</span> 
     </span>
    </p>
   </div>
   <div class='ocr_carea' id='block_1_4' title="bbox 1194 1676 1316 1685">
    <p class='ocr_par' dir='ltr' id='par_1_4' title="bbox 1194 1676 1316 1685">
     <span class='ocr_line' id='line_1_27' title="bbox 1194 1676 1316 1685; baseline 0 -2"><span class='ocrx_word' id='word_1_177' title='bbox 1194 1678 1231 1685; x_wconf 35' lang='lat' dir='ltr'>Q—</span> <span class='ocrx_word' id='word_1_178' title='bbox 1241 1679 1255 1685; x_wconf 57' lang='lat' dir='ltr'>v</span> <span class='ocrx_word' id='word_1_179' title='bbox 1271 1676 1316 1683; x_wconf 51' lang='lat' dir='ltr'>-m,</span> 
     </span>
    </p>
   </div>
   <div class='ocr_carea' id='block_1_5' title="bbox 1 1696 1135 2400">
    <p class='ocr_par' dir='ltr' id='par_1_5' title="bbox 89 1696 1006 1928">
     <span class='ocr_line' id='line_1_28' title="bbox 89 1696 972 1752; baseline -0.005 -7"><span class='ocrx_word' id='word_1_180' title='bbox 89 1712 159 1745; x_wconf 85' lang='lat' dir='ltr'>Per</span> <span class='ocrx_word' id='word_1_181' title='bbox 175 1709 297 1744; x_wconf 87' lang='lat' dir='ltr'>varios</span> <span class='ocrx_word' id='word_1_182' title='bbox 315 1719 433 1751; x_wconf 81' lang='lat' dir='ltr'>casus,</span> <span class='ocrx_word' id='word_1_183' title='bbox 438 1700 515 1752; x_wconf 76' lang='lat' dir='ltr'>per</span> <span class='ocrx_word' id='word_1_184' title='bbox 532 1715 585 1742; x_wconf 91' lang='lat' dir='ltr'>tot</span> <span class='ocrx_word' id='word_1_185' title='bbox 605 1696 819 1742; x_wconf 84' lang='lat' dir='ltr'>discrimina</span> <span class='ocrx_word' id='word_1_186' title='bbox 837 1719 972 1750; x_wconf 80' lang='lat' dir='ltr'>remm,</span> 
     </span>
     <span class='ocr_line' id='line_1_29' title="bbox 89 1766 999 1815; baseline -0.004 -11"><span class='ocrx_word' id='word_1_187' title='bbox 89 1768 294 1804; x_wconf 86' lang='lat' dir='ltr'>Tendimus</span> <span class='ocrx_word' id='word_1_188' title='bbox 313 1767 350 1800; x_wconf 91' lang='lat' dir='ltr'>in</span> <span class='ocrx_word' id='word_1_189' title='bbox 371 1766 527 1815; x_wconf 85' lang='lat' dir='ltr'>Latium,</span> <span class='ocrx_word' id='word_1_190' title='bbox 548 1766 656 1800; x_wconf 80' lang='lat' dir='ltr'>sedes</span> <span class='ocrx_word' id='word_1_191' title='bbox 675 1766 735 1799; x_wconf 90' lang='lat' dir='ltr'>ubi</span> <span class='ocrx_word' id='word_1_192' title='bbox 761 1766 837 1800; x_wconf 83' lang='lat' dir='ltr'>fata</span> <span class='ocrx_word' id='word_1_193' title='bbox 855 1766 999 1811; x_wconf 90' lang='lat' dir='ltr'>quietas</span> 
     </span>
     <span class='ocr_line' id='line_1_30' title="bbox 91 1824 1006 1870; baseline -0.005 -7"><span class='ocrx_word' id='word_1_194' title='bbox 91 1826 302 1863; x_wconf 87' lang='lat' dir='ltr'>Ostendunt</span> <span class='ocrx_word' id='word_1_195' title='bbox 322 1838 329 1860; x_wconf 74' lang='grc' dir='ltr'><strong><em>ε</em></strong></span> <span class='ocrx_word' id='word_1_196' title='bbox 356 1825 428 1859; x_wconf 89' lang='lat' dir='ltr'>illic</span> <span class='ocrx_word' id='word_1_197' title='bbox 445 1824 501 1859; x_wconf 81' lang='lat' dir='ltr'>fas</span> <span class='ocrx_word' id='word_1_198' title='bbox 519 1836 636 1868; x_wconf 83' lang='lat' dir='ltr'>regna</span> <span class='ocrx_word' id='word_1_199' title='bbox 654 1835 843 1870; x_wconf 64' lang='lat' dir='ltr'>resurgere</span> <span class='ocrx_word' id='word_1_200' title='bbox 861 1824 1006 1870; x_wconf 81' lang='lat' dir='ltr'>Trojae.</span> 
     </span>
     <span class='ocr_line' id='line_1_31' title="bbox 94 1883 980 1928; baseline -0.006 -7"><span class='ocrx_word' id='word_1_201' title='bbox 94 1888 246 1928; x_wconf 82' lang='lat' dir='ltr'>Durate,</span> <span class='ocrx_word' id='word_1_202' title='bbox 265 1891 301 1918; x_wconf 88' lang='lat' dir='ltr'>et</span> <span class='ocrx_word' id='word_1_203' title='bbox 320 1890 462 1917; x_wconf 87' lang='lat' dir='ltr'>vosmet</span> <span class='ocrx_word' id='word_1_204' title='bbox 481 1883 589 1917; x_wconf 91' lang='lat' dir='ltr'>rebus</span> <span class='ocrx_word' id='word_1_205' title='bbox 608 1890 752 1917; x_wconf 81' lang='lat' dir='ltr'>servate</span> <span class='ocrx_word' id='word_1_206' title='bbox 777 1883 980 1917; x_wconf 90' lang='lat' dir='ltr'>secundis.”</span> 
     </span>
    </p>

    <p class='ocr_par' dir='ltr' id='par_1_6' title="bbox 95 1941 1117 2164">
     <span class='ocr_line' id='line_1_32' title="bbox 140 1941 1043 1986; baseline -0.003 -8"><span class='ocrx_word' id='word_1_207' title='bbox 140 1945 247 1978; x_wconf 88' lang='lat' dir='ltr'>Talia</span> <span class='ocrx_word' id='word_1_208' title='bbox 264 1953 355 1976; x_wconf 90' lang='lat' dir='ltr'>voce</span> <span class='ocrx_word' id='word_1_209' title='bbox 373 1942 494 1985; x_wconf 54' lang='lat' dir='ltr'>refert,</span> <span class='ocrx_word' id='word_1_210' title='bbox 515 1941 685 1986; x_wconf 88' lang='lat' dir='ltr'>curisque</span> <span class='ocrx_word' id='word_1_211' title='bbox 703 1941 914 1985; x_wconf 87' lang='lat' dir='ltr'>ingentibus</span> <span class='ocrx_word' id='word_1_212' title='bbox 933 1952 1043 1985; x_wconf 83' lang='lat' dir='ltr'>aeger</span> 
     </span>
     <span class='ocr_line' id='line_1_33' title="bbox 95 1999 1117 2048; baseline -0.005 -10"><span class='ocrx_word' id='word_1_213' title='bbox 95 2005 209 2048; x_wconf 89' lang='lat' dir='ltr'>Spem</span> <span class='ocrx_word' id='word_1_214' title='bbox 227 2001 326 2035; x_wconf 92' lang='lat' dir='ltr'>voltu</span> <span class='ocrx_word' id='word_1_215' title='bbox 346 2000 505 2041; x_wconf 85' lang='lat' dir='ltr'>simulat,</span> <span class='ocrx_word' id='word_1_216' title='bbox 526 1999 659 2043; x_wconf 83' lang='lat' dir='ltr'>premit</span> <span class='ocrx_word' id='word_1_217' title='bbox 678 1999 793 2033; x_wconf 84' lang='lat' dir='ltr'>altum</span> <span class='ocrx_word' id='word_1_218' title='bbox 812 1999 923 2033; x_wconf 86' lang='lat' dir='ltr'>corde</span> <span class='ocrx_word' id='word_1_219' title='bbox 941 1999 1117 2034; x_wconf 89' lang='lat' dir='ltr'>dolorem.</span> 
     </span>
     <span class='ocr_line' id='line_1_34' title="bbox 99 2058 1026 2105; baseline -0.004 -8"><span class='ocrx_word' id='word_1_220' title='bbox 99 2062 154 2097; x_wconf 90' lang='lat' dir='ltr'>Illi</span> <span class='ocrx_word' id='word_1_221' title='bbox 173 2072 212 2095; x_wconf 93' lang='lat' dir='ltr'>se</span> <span class='ocrx_word' id='word_1_222' title='bbox 230 2059 390 2105; x_wconf 80' lang='lat' dir='ltr'>praedae</span> <span class='ocrx_word' id='word_1_223' title='bbox 409 2058 606 2102; x_wconf 81' lang='lat' dir='ltr'>accingunt</span> <span class='ocrx_word' id='word_1_224' title='bbox 624 2058 856 2103; x_wconf 86' lang='lat' dir='ltr'>dapibusque</span> <span class='ocrx_word' id='word_1_225' title='bbox 874 2058 1003 2092; x_wconf 88' lang='lat' dir='ltr'>futuris</span> <span class='ocrx_word' id='word_1_226' title='bbox 1019 2070 1026 2093; x_wconf 91' lang='lat'>:</span> 
     </span>
     <span class='ocr_line' id='line_1_35' title="bbox 97 2115 993 2164; baseline -0.004 -9"><span class='ocrx_word' id='word_1_227' title='bbox 97 2122 263 2164; x_wconf 86' lang='lat' dir='ltr'>Tergora</span> <span class='ocrx_word' id='word_1_228' title='bbox 280 2117 465 2161; x_wconf 86' lang='lat' dir='ltr'>deripiunt</span> <span class='ocrx_word' id='word_1_229' title='bbox 484 2115 596 2150; x_wconf 92' lang='lat' dir='ltr'>costis</span> <span class='ocrx_word' id='word_1_230' title='bbox 615 2122 649 2149; x_wconf 91' lang='lat' dir='ltr'>et</span> <span class='ocrx_word' id='word_1_231' title='bbox 668 2116 810 2150; x_wconf 87' lang='lat' dir='ltr'>viscera</span> <span class='ocrx_word' id='word_1_232' title='bbox 826 2116 969 2150; x_wconf 87' lang='lat' dir='ltr'>nudant</span> <span class='ocrx_word' id='word_1_233' title='bbox 985 2129 993 2151; x_wconf 91' lang='lat'>:</span> 
     </span>
    </p>

    <p class='ocr_par' dir='ltr' id='par_1_7' title="bbox 1 2173 1135 2400">
     <span class='ocr_line' id='line_1_36' title="bbox 101 2173 1135 2221; baseline -0.003 -9"><span class='ocrx_word' id='word_1_234' title='bbox 101 2180 190 2214; x_wconf 86' lang='lat' dir='ltr'>Pars</span> <span class='ocrx_word' id='word_1_235' title='bbox 208 2177 245 2211; x_wconf 89' lang='lat' dir='ltr'>in</span> <span class='ocrx_word' id='word_1_236' title='bbox 263 2176 379 2209; x_wconf 86' lang='lat' dir='ltr'>frusta</span> <span class='ocrx_word' id='word_1_237' title='bbox 397 2181 524 2221; x_wconf 73' lang='lat' dir='ltr'>secant</span> <span class='ocrx_word' id='word_1_238' title='bbox 543 2174 764 2219; x_wconf 86' lang='lat' dir='ltr'>veribusque</span> <span class='ocrx_word' id='word_1_239' title='bbox 783 2173 978 2209; x_wconf 89' lang='lat' dir='ltr'>trementia</span> <span class='ocrx_word' id='word_1_240' title='bbox 995 2173 1110 2218; x_wconf 85' lang='lat' dir='ltr'>figunt</span> <span class='ocrx_word' id='word_1_241' title='bbox 1126 2187 1135 2217; x_wconf 82' lang='lat'><em>3</em></span> 
     </span>
     <span class='ocr_line' id='line_1_37' title="bbox 1 2223 1076 2285; baseline -0.006 -12"><span class='ocrx_word' id='word_1_242' title='bbox 1 2223 224 2285; x_wconf 56' lang='grc' dir='ltr'>ζᾹΓίἰῑοιέ</span> <span class='ocrx_word' id='word_1_243' title='bbox 242 2236 337 2268; x_wconf 74' lang='lat' dir='ltr'>aena</span> <span class='ocrx_word' id='word_1_244' title='bbox 354 2233 478 2267; x_wconf 86' lang='lat' dir='ltr'>locant</span> <span class='ocrx_word' id='word_1_245' title='bbox 497 2232 569 2275; x_wconf 88' lang='lat' dir='ltr'>alii,</span> <span class='ocrx_word' id='word_1_246' title='bbox 588 2232 833 2277; x_wconf 85' lang='lat' dir='ltr'>flammasque</span> <span class='ocrx_word' id='word_1_247' title='bbox 855 2231 1076 2267; x_wconf 86' lang='lat' dir='ltr'>ministrant.</span> 
     </span>
     <span class='ocr_line' id='line_1_38' title="bbox 102 2289 1052 2336; baseline -0.005 -6"><span class='ocrx_word' id='word_1_248' title='bbox 102 2297 199 2330; x_wconf 85' lang='lat' dir='ltr'>Tum</span> <span class='ocrx_word' id='word_1_249' title='bbox 216 2293 314 2327; x_wconf 88' lang='lat' dir='ltr'>victu</span> <span class='ocrx_word' id='word_1_250' title='bbox 333 2298 507 2325; x_wconf 88' lang='lat' dir='ltr'>revocant</span> <span class='ocrx_word' id='word_1_251' title='bbox 525 2289 634 2334; x_wconf 88' lang='lat' dir='ltr'>vires,</span> <span class='ocrx_word' id='word_1_252' title='bbox 654 2290 798 2336; x_wconf 85' lang='lat' dir='ltr'>fusique</span> <span class='ocrx_word' id='word_1_253' title='bbox 816 2302 882 2336; x_wconf 90' lang='lat' dir='ltr'>per</span> <span class='ocrx_word' id='word_1_254' title='bbox 898 2291 1052 2325; x_wconf 89' lang='lat' dir='ltr'>herbam</span> 
     </span>
     <span class='ocr_line' id='line_1_39' title="bbox 107 2348 1025 2400; baseline -0.004 -12"><span class='ocrx_word' id='word_1_255' title='bbox 107 2353 310 2400; x_wconf 87' lang='lat' dir='ltr'>Implentur</span> <span class='ocrx_word' id='word_1_256' title='bbox 327 2348 461 2384; x_wconf 88' lang='lat' dir='ltr'>veteris</span> <span class='ocrx_word' id='word_1_257' title='bbox 481 2348 618 2383; x_wconf 86' lang='lat' dir='ltr'>Bacchi</span> <span class='ocrx_word' id='word_1_258' title='bbox 638 2348 859 2394; x_wconf 83' lang='lat' dir='ltr'>pinguisque</span> <span class='ocrx_word' id='word_1_259' title='bbox 877 2348 1025 2384; x_wconf 84' lang='lat' dir='ltr'>ferinae.</span> 
     </span>
    </p>
   </div>
   <div class='ocr_carea' id='block_1_6' title="bbox 1407 305 1466 340">
    <p class='ocr_par' dir='ltr' id='par_1_8' title="bbox 1407 305 1466 340">
     <span class='ocr_line' id='line_1_40' title="bbox 1407 305 1466 340; baseline -0.017 0"><span class='ocrx_word' id='word_1_260' title='bbox 1407 305 1466 340; x_wconf 80' lang='lat'>18&lt;</span> 
     </span>
    </p>
   </div>
   <div class='ocr_carea' id='block_1_7' title="bbox 1413 596 1474 640">
    <p class='ocr_par' dir='ltr' id='par_1_9' title="bbox 1413 596 1474 640">
     <span class='ocr_line' id='line_1_41' title="bbox 1413 596 1474 640; baseline 0 -9"><span class='ocrx_word' id='word_1_261' title='bbox 1413 596 1474 640; x_wconf 86' lang='lat'>185</span> 
     </span>
    </p>
   </div>
   <div class='ocr_carea' id='block_1_8' title="bbox 1417 886 1597 929">
    <p class='ocr_par' dir='ltr' id='par_1_10' title="bbox 1417 886 1597 929">
     <span class='ocr_line' id='line_1_42' title="bbox 1417 886 1597 929; baseline 0 -8"><span class='ocrx_word' id='word_1_262' title='bbox 1417 897 1481 929; x_wconf 85' lang='lat'>¹90</span> <span class='ocrx_word' id='word_1_263' title='bbox 1593 886 1597 890; x_wconf 87' lang='grc'><strong>’</strong></span> 
     </span>
    </p>
   </div>
   <div class='ocr_carea' id='block_1_9' title="bbox 126 1323 1448 1465">
    <p class='ocr_par' dir='ltr' id='par_1_11' title="bbox 126 1323 1448 1465">
     <span class='ocr_line' id='line_1_43' title="bbox 126 1323 1448 1465; baseline -0.002 -71"><span class='ocrx_word' id='word_1_264' title='bbox 126 1359 147 1376; x_wconf 91' lang='grc'><strong>“</strong></span> <span class='ocrx_word' id='word_1_265' title='bbox 163 1360 195 1394; x_wconf 89' lang='grc' dir='ltr'>Ο</span> <span class='ocrx_word' id='word_1_266' title='bbox 216 1355 476 1425; x_wconf 51' lang='grc' dir='ltr'>εοεΕῃεᾳυε</span> <span class='ocrx_word' id='word_1_267' title='bbox 494 1357 594 1391; x_wconf 88' lang='lat' dir='ltr'>enim</span> <span class='ocrx_word' id='word_1_268' title='bbox 613 1357 730 1401; x_wconf 83' lang='lat' dir='ltr'>ignari</span> <span class='ocrx_word' id='word_1_269' title='bbox 750 1369 877 1391; x_wconf 88' lang='lat' dir='ltr'>sumus</span> <span class='ocrx_word' id='word_1_270' title='bbox 895 1364 981 1391; x_wconf 90' lang='lat' dir='ltr'>ante</span> <span class='ocrx_word' id='word_1_271' title='bbox 999 1323 1393 1465; x_wconf 28' lang='grc' dir='ltr'>Π]εὶΙΟινιιῐιι-Ἷ-κιφτί</span> <span class='ocrx_word' id='word_1_272' title='bbox 1394 1335 1448 1373; x_wconf 33' lang='grc' dir='ltr'>χ</span> 
     </span>
     <span class='ocr_line' id='line_1_44' title="bbox 1355 1415 1414 1440; baseline 0 -11"><span class='ocrx_word' id='word_1_273' title='bbox 1355 1415 1414 1440; x_wconf 51' lang='lat' dir='ltr'><em>l</em></span> 
     </span>
    </p>
   </div>
   <div class='ocr_carea' id='block_1_10' title="bbox 1311 1672 1574 1686">
    <p class='ocr_par' dir='ltr' id='par_1_12' title="bbox 1311 1672 1574 1686">
     <span class='ocr_line' id='line_1_45' title="bbox 1311 1672 1574 1686; baseline 0 965"><span class='ocrx_word' id='word_1_274' title='bbox 1311 1672 1574 1686; x_wconf 95' lang='lat' dir='ltr'> </span> 
     </span>
    </p>
   </div>
   <div class='ocr_carea' id='block_1_11' title="bbox 1431 2064 1568 2094">
    <p class='ocr_par' dir='ltr' id='par_1_13' title="bbox 1431 2064 1568 2094">
     <span class='ocr_line' id='line_1_46' title="bbox 1431 2064 1568 2094; baseline 0 0"><span class='ocrx_word' id='word_1_275' title='bbox 1431 2064 1526 2094; x_wconf 53' lang='lat'><strong>210⁵·</strong></span> <span class='ocrx_word' id='word_1_276' title='bbox 1565 2080 1568 2083; x_wconf 24' lang='grc' dir='ltr'><strong>Δ</strong></span> 
     </span>
    </p>
   </div>
   <div class='ocr_carea' id='block_1_12' title="bbox 1598 2515 1652 2651">
    <p class='ocr_par' dir='ltr' id='par_1_14' title="bbox 1598 2515 1652 2651">
     <span class='ocr_line' id='line_1_47' title="bbox 1598 2515 1652 2651; baseline 0 0"><span class='ocrx_word' id='word_1_277' title='bbox 1598 2515 1652 2651; x_wconf 95' lang='lat' dir='ltr'> </span> 
     </span>
    </p>
   </div>
  </div>
 </body>
</html>
